2817 4792
373 360 380 367 ,
427 297 499 362 18
1037 261 1501 360 HERonozrr
1530 281 1867 358 ms‘ron.
1910 287 1960 348 1.

417 419 816 500 jungentibus·
899 421 1032 484 Quo
1073 419 1356 488 nimirum,
1399 427 1465 475 ut
1488 416 1625 476 mihi
1663 418 1831 480 enam
1858 417 2105 488 videtur,
2130 415 2485 487 factumest,
2512 419 2595 475 ut

424 512 790 590 Pelasgicum
811 530 1010 588 genus,
1041 511 1342 579 barbarum
1367 527 1545 612 quum
1570 519 1742 591 esset,
1770 528 2083 587 numquam
2108 527 2348 586 magnos
2374 485 2583 568 fecerit

425 603 737 682 profectus.

503 700 602 756 59.
645 694 876 753 Horum
903 694 1082 770 igitur
1105 677 1457 770 populorum
1497 689 1759 748 Atticum
1799 689 2034 768 quidem
2074 690 2309 750 rescivit
2350 691 2581 751 Croesus

425 797 774 866 occupatum
815 773 1267 873 distractumque
1293 782 1476 842 teneri
1509 801 1545 840 a
1577 781 1994 867 Prsrsrnn‘rO,
2038 781 2405 860 Hippocratis
2444 783 2583 852 filio,

425 878 524 954 qui
549 897 620 936 ea
645 887 988 954 tempestate
1015 887 1290 954 tyrannus
1327 883 1453 932 erat
1483 853 1945 932 Atheniensium.
2029 873 2376 952 Hippocrati
2410 875 2581 946 enim,

405 973 614 1048 quum·
631 978 784 1028 esset
805 969 1060 1047 privatus
1099 976 1507 1046 spectaretque
1533 963 1847 1044 Olympia,
1868 965 2071 1042 ingens
2106 965 2361 1025 oblatum
2392 966 2585 1045 proili-

425 1061 588 1138 gium
606 1061 818 1132 fuerat.
829 1085 846 1113 .·
869 1059 1046 1118 Sacra
1065 1078 1244 1137 quum
1270 1057 1525 1128 fecisset,
1546 1056 1613 1115 in·
1628 1056 1946 1134 propinquo
1965 1047 2193 1117 stantes?
2204 1058 2447 1141 lebetes,
2466 1075 2569 1117 car

423 1153 594 1212 nibus
619 1162 679 1211 et
711 1171 862 1230 aqua
887 1151 1116 1228 repleti,
1153 1151 1374 1227 absque
1407 1149 1553 1226 igne
1582 1147 1805 1208 fervere
1842 1160 2139 1227 coeperant
2172 1160 2235 1210 et
2269 1134 2591 1210 eiundare.

427 1244 648 1332 Itaque
663 1243 872 1302 Chilon
908 1237 1402 1310 Lacedaemonius,
1440 1241 1539 1318 qui
1568 1240 1713 1300 forte
1750 1239 1948 1300 aderat
1990 1241 2427 1321 prodigiumque
2468 1242 2593 1303 erat

426 1335 812 1415 conspicatus,
841 1334 1020 1394 suasit
1055 1332 1435 1411 Hippocrati,
1466 1330 1709 1410 primum
1740 1331 1991 1409 quidem,
2032 1353 2098 1391 ne
2134 1335 2337 1392 domum
2376 1336 2601 1394 duceret

425 1445 644 1486 uxorem
670 1448 733 1486 ex
758 1447 866 1505 qua
894 1427 1084 1484 liberos
1115 1433 1461 1530 procrearet:
1498 1425 1585 1482 ἐιη
1603 1427 1733 1500 jam
1768 1425 2003 1494 liaberet,
2044 1425 2301 1485 secundo
2337 1426 2493 1497 loco,
2529 1425 2605 1483 'ut

424 1524 738 1598 repudiaret
764 1527 981 1579 uror-em
999 1540 1020 1584 ,-
1039 1519 1350 1594 filiumque,
1391 1539 1440 1575 si
1430 1517 1623 1596 forte
1662 1517 1714 1574 ei
1735 1521 1866 1594 jam
1904 1526 2065 1576 natus
2104 1527 2259 1589 esset,
2298 1521 2597 1578 abdicaret.

431 1614 610 1697 Cujus
639 1613 882 1674 consilio
909 1630 1108 1690 parere
1131 1610 1352 1670 nolenti
1375 1608 1725 1688 Hippocrati
1752 1618 1921 1668 natus
1943 1610 2183 1688 posthac
2206 1620 2295 1670 est
2319 1611 2413 1668 hic
2448 1609 2596 1670 Pisi-

426 1718 672 1776 stratus3
711 1705 808 1784 qui
845 1705 904 1762 in
943 1704 1228 1764 seditione
1263 1702 1575 1761 litoralium
1612 1702 2069 1772 Atheniensium,
2106 1703 2308 1782 quibus
2346 1715 2601 1782 praeerat

431 1797 759 1876 Megacles‚
792 1796 1144 1855 Alcmaeonis
1163 1794 1334 1863 filius,
1361 1804 1425 1852 et
1452 1794 1871 1872 campestrium,
1892 1794 2097 1872 quibus
2120 1795 2425 1872 Lycurgus
2445 1815 2599 1874 proe-

429 1901 556 1950 erat
584 1889 948 1950 Aristolaidae
973 1887 1141 1956 filius,
1169 1885 1398 1944 tertiam
1428 1884 1733 1944 concitavit
1755 1886 2087 1955 factionem,
2115 1887 2476 1966 tyrannidem
2498 1889 2605 1947 ad-

429 1983 674 2040 fectans.
713 1977 1066 2040 ,Contractis
1085 1977 1238 2034 enini
1265 1969 1549 2034 seditiosis
1572 1976 1669 2053 qui
1694 1995 1893 2035 secum
1909 1977 2185 2048 facerent,
2209 1999 2315 2058 per
2336 1997 2605 2038 caussam

429 2072 660 2132 tutandi
685 2081 1008 2139 montanoS,
1051 2067 1454 2141 hujuscemodi
1482 2085 1603 2126 rem
1630 2068 1987 2128 machinatus
2012 2080 2122 2128 est.
2206 2070 2285 2129 Se
2310 2070 2501 2148 ipsum
2528 2091 2605 2132 ac

430 2163 618 2226 mulos
645 2181 819 2244 quum
843 2160 1214 2230 vulnerasset,
1259 2158 1495 2236 agitavit
1530 2164 1795 2235 jumenta
1826 2160 1889 2218 in
1924 2161 2135 2230 forum,
2182 2163 2340 2242 quasi
2372 2163 2607 2242 elapsus

433 2267 592 2318 esset
619 2276 690 2316 ex
717 2255 1072 2315 inimicorum
1111 2252 1392 2334 manibus,
1424 2252 1520 2330 qui
1561 2253 1746 2332 ipsum
1784 2273 1879 2312 rus
1916 2254 2376 2333 proficiscentem
2402 2256 2611 2316 interi-

433 2369 592 2409 mere
621 2347 885 2406 nimirum
911 2345 1255 2416 voluissent3
1294 2355 1675 2424 precatusque
1705 2357 1793 2405 est
1818 2347 2109 2426 populum,
2153 2357 2217 2406 ut
2257 2347 2472 2426 aliquid
2502 2369 2623 2408 cu·-

441 2443 642 2505 stodiae
669 2441 862 2500 abillo
886 2441 1199 2498 obtineret:
1222 2443 1347 2513 jam'·
1365 2439 1519 2497 enim
1546 2440 1703 2518 prius
1723 2441 1785 2497 in
1802 2440 2219 2500 existimatione
2246 2442 2407 2519 apud·
2424 2438 2617 2521 popu-

384 2529 390 2535 ’
436 2536 556 2595 lum
588 2535 800 2603 fuerat,
829 2533 982 2614 quod
1008 2533 1068 2590 in
1095 2531 1252 2590 bello
1274 2530 1547 2590 adversus
1574 2532 1971 2610 Megarenses,
2000 2533 2177 2610 ipsius
2204 2532 2383 2591 ductu
2410 2543 2610 2611 gesto,

439 2628 690 2707 cepisset
731 2625 1007 2706 Nisaeum,
1051 2634 1110 2682 et
1145 2623 1257 2684 alia
1294 2625 1573 2702 praeclare
1606 2624 1771 2684 facta
1810 2625 2102 2684 edidisset.
2186 2625 2281 2683 Sic
2319 2626 2615 2706 deceptus

435 2721 684 2800 populus
714 2717 1158 2778 Atheniensium
1197 2717 1457 2790 adjunxit
1484 2717 1538 2775 ei
1568 2717 1825 2778 delectos
1853 2719 2027 2788 viroS,
2060 2719 2182 2796 qui,
2214 2729 2279 2778 ut
2306 2720 2615 2798 satellites,

437 2833 557 2874 non
585 2811 836 2890 quidem'
855 2809 1033 2868 hastis
1075 2827 1210 2867 eum
1249 2808 1555 2886 stipabant,
1596 2810 1702 2868 sed
1730 2810 1935 2870 clavis:
1977 2811 2197 2888 ligneas
2236 2811 2386 2869 enim
2412 2813 2619 2873 'clavas

439 2915 752 2986 gestantes,
793 2924 830 2964 a
853 2915 1023 2982 tergo
1051 2921 1184 2961 eum
1209 2902 1616 2980 sequebantur.
1718 2903 1903 2962 Iidem
1930 2922 2068 2963 vero
2096 2904 2265 2964 simul
2304 2925 2433 2964 cum
2464 2907 2623 2967 Pisi-

441 3009 622 3058 strato
643 2998 1024 3075 insurgentes,
1041 3013 1236 3054 arcem
1259 3005 1631 3072 occuparunt.
1674 2995 1857 3053 Inde
1844 2995 2017 3072 igitur
2032 2996 2271 3074 imperio
2290 2998 2625 3058 Athenien-

443 3092 588 3150 sium
615 3091 832 3169 potitus
863 3088 1206 3159 Pisistratus,
1219 3081 1402 3145 nullis
1447 3087 1546 3165 qui
1583 3098 1721 3145 tunc
1746 3098 1909 3148 erant
1936 3089 2361 3165 magistratibus
2386 3100 2625 3166 pertur-

443 3183 614 3252 batis,
643 3199 836 3259 neque
861 3181 1086 3257 legibus
1111 3179 1362 3251 munitis,
1393 3180 1502 3238 sed
1528 3179 1737 3258 priore
1746 3191 1899 3240 statu
1924 3180 2169 3258 integro,
2197 3181 2629 3246 administravit

447 3273 760 3342 civitatem,
791 3291 860 3330 ac
887 3271 1036 3330 bene
1053 3279 1360 3350 ‘recteque
1357 3272 1659 3332 ordinavit.

527 3368 628 3424 60.
664 3363 782 3422 Sed
800 3362 960 3420 haud
979 3364 1162 3434 multo
1183 3374 1322 3441 post
1335 3345 1627 3442 Megaclis
1645 3364 1845 3436 factio,
1868 3377 1927 3424 et
1950 3365 2129 3426 factio
2150 3365 2431 3444 Lycurgi,
2454 3323 2629 3429 facta

450 3454 849 3524 consensione,
899 3473 1032 3512 eum
1085 3459 1398 3529 ejecerunt.
1478 3455 1576 3515 Ita
1627 3457 1970 3526 Pisistratus,
2020 3467 2325 3536 postquam
2364 3457 2627 3537 primum

453 3549 720 3611 Athenas
749 3546 1096 3617 obtinuerat,
1117 3565 1256 3606 mox
1280 3549 1645 3626 tyrannidem
1672 3551 1926 3608 nondum
1952 3551 2089 3609 satis
2114 3549 2395 3610 firmatam
2422 3570 2631 3612 rursus

453 3639 658 3719 amisit.
716 3638 854 3708 Sed,
875 3638 972 3716 qui
999 3657 1132 3697 eum
1153 3643 1459 3713 ejecerant,
1489 3659 1628 3705 mox
1656 3641 1849 3699 denuo
1876 3642 2023 3700 inter
2049 3661 2113 3702 se
2134 3641 2429 3700 dissidium
2456 3640 2633 3703 fece·

399 3734 405 3743 ‘
455 3746 610 3794 runt.
693 3733 992 3816 Fatigatus
1037 3742 1229 3792 autem
1265 3730 1547 3810 seditione
1588 3733 1914 3811 Megacles,
1956 3734 2129 3794 misso
2155 3735 2232 3794 ad
2258 3730 2647 3795 Pisistratum*

455 3827 866 3898 caduceatore,
901 3824 1222 3904 sciscitatus
1259 3834 1368 3894 est,
1395 3825 1615 3883 velletne
1639 3825 1825 3900 filiam
1852 3846 2003 3888 suam
2028 3827 2219 3884 ducere
2258 3845 2495 3895 uxorem,
2536 3835 2635 3902 ty-

457 3921 700 3980 renuidis
729 3920 970 3995 proemiO.
1055 3919 1246 3982 Quem
1285 3933 1607 3976 sermonem
1644 3917 1743 3978 ubi
1774 3917 2003 3977 admisit
2042 3917 2391 3988 Pisistratus,
2434 3937 2653 3996 eaque.

461 4010 788 4074 conditione
824 4010 1156 4089 pactionem
1183 4028 1319 4068 cum
1351 4009 1629 4086 Megacle
1658 4009 1809 4081 ιιιιίι,
1843 4010 2245 4070 machinantur
2268 4009 2331 4068 hi
2356 4009 2435 4068 ad
2458 4010 2637 4070 illum

457 4101 849 4164 seducendum
875 4121 1018 4170 rem,
1047 4113 1114 4160 ut
1135 4101 1274 4160 mihi
1298 4100 1529 4178 quidem
1555 4101 1725 4178 plane
1746 4100 1995 4172 videtur,
2014 4103 2191 4179 longe
2216 4100 2659 4165 stultissimam.

460 4193 938 4276 Quandoquidem
956 4193 1109 4252 enim
1115 4198 1238 4267 jam
1253 4212 1290 4250 a
1301 4191 1506 4270 priscis
1524 4191 1659 4251 inde
1678 4192 2075 4270 temporibus-a
2088 4193 2391 4253 barbarico
2406 4211 2645 4268 genere

464 4289 798 4349 distinctum
823 4287 1102 4354 ,Graecum
1131 4285 1257 4356 fuit,
1289 4294 1482 4363 utpote
1512 4285 1809 4344 dexterius
1830 4296 1889 4346 et
1916 4305 1953 4344 a
1978 4284 2188 4344 stolida
2211 4284 2479 4345 fatuitate
2508 4305 2643 4347 ma-

416 4453 420 4458 *
445 4381 549 4459 gis
565 4382 910 4460 abhorrens,
927 4378 1164 4460 stultum
1187 4377 1382 4456 utique
1401 4377 1801 4458 debet-videri,
1821 4395 1954 4438 uses
1976 4376 2103 4438 illos
2122 4397 2253 4458 esse
2272 4375 2371 4438 tali
2389 4375 2647 4439 invento

1908 4481 1950 4500 ,-
