2817 4792
477 254 594 315 114
1099 254 1549 317 HERODOTI
1592 254 1931 345 HISTOR.
1960 254 2045 315 11.

427 384 438 397 “
479 380 778 443 insumtos.
863 384 1164 461 Quadrata
1195 384 1352 445 illius
1387 384 1577 445 forma
1610 398 1731 455 esu
1768 386 1935 445 latus
1968 385 2239 464 quodque
2280 386 2651 465 octingentos
2688 438 2693 445 .

471 474 716 535 metitur
767 475 986 553 pedes:
1039 476 1284 537 altitudo
1319 476 1591 553 ejusdem
1632 488 1724 536 est
1767 496 2091 539 mensuras:
2147 477 2293 557 lapis
2328 478 2559 557 politus.
2586 489 2651 537 et

485 584 659 642 quam
699 566 1130 627 adcuratissime
1167 578 1642 647 coagmentatum
1680 570 1869 629 nullus
1896 588 1973 629 ex
2006 568 2293 709 lapidibus
2318 570 2507 629 minor
2544 570 2651 629 tri·

483 656 648 733 ginta
669 658 1209 736 pedibus..
1608 682 1615 689 ·
2077 706 2083 715 ,
2480 700 2487 707 .

568 755 701 811 125.
743 750 854 811 Est
893 763 1090 813 autem
1115 752 1200 813 sic
1237 764 1567 813 constructa
1604 754 1735 813 haec
1766 755 2045 829 aramis:
2088 753 2283 813 statim
2322 753 2385 811 in
2390 752 2647 816 modum

469 841 764 918 ,graduum
793 843 998 921 quibus
1023 844 1196 904 scaloe
1231 845 1685 910 adscenduntur.
1726 864 1868 923 quos
1908 844 2125 921 gradus
2160 844 2255 903 alii
2290 863 2511 919 pmm,
2548 843 2647 901 alii

479 935 662 993 arulas
697 947 930 995 vocant.
1012 936 1226 995 Talem
1255 946 1561 1015 postquam
1600 937 1845 1015 primum
1888 954 2015 995 eam
2034 934 2385 1004 ·fecerunt,
2370 954 2431 993 ιιι
2470 934 2647 995 altum

482 1026 760 1085 tollebant
777 1028 1038 1106 'reliquos
1064 1028 1288 1107 lapides
1313 1028 1691 1088 machinis.ex
1710 1027 1992 1088 brevibus
2032 1027 2201 1105 liguis
2238 1026 2540 1094 confectis,
2570 1027 2645 1105 ab

483 1116 664 1177 humo
687 1118 879 1177 statim
915 1120 980 1177 in
1013 1120 1258 1199 primum
1271 1134 1278 1143 ·
1293 1119 1581 1197 graduum
1606 1119 1869 1179 ordinem
1902 1138 2005 1178 eos
2038 1119 2347 1187 tollentes:
2389 1137 2507 1195 quo
2524 1118 2646 1175 ·ubi

473 1209 747 1286 pervenit
781 1210 950 1289 lapis,
989 1211 1086 1271 alii
1121 1211 1406 1271 machinae
1440 1211 1861 1289 imponebatur,
1890 1231 2021 1290 quae
2058 1210 2119 1269 in
2154 1211 2338 1288 pri'mo‘
2362 1208 2645 1287 graduum

481 1300 684 1369 ordine
709 1302 916 1373 stabat,
947 1314 1010 1363 et
1047 1304 1123 1363 ab
1147 1302 1264 1363 hoc
1291 1302 1495 1363 ordine
1516 1304 1579 1361 in
1606 1302 1928 1363 secundum
1968 1302 2363 1367 attrahebam
2390 1300 2644 1367 ordinem

477 1393 820 1470 [rursusque
847 1394 920 1453 ab
947 1393 1146 1455 hocin
1169 1392 1427 1473 tertium]
1464 1414 1635 1472 super
1668 1393 1783 1455 alia
1815 1392 2115 1463 machina
2154 1412 2285 1453 nam
2312 1402 2461 1471 quott
2482 1402 2642 1461 erant

485 1484 770 1561 graduum
797 1486 1046 1559 ordines,
1073 1497 1162 1546 tot
1187 1506 1421 1565 quoque
1464 1486 1748 1545 machinoe
1788 1495 1989 1545 erant:
2030 1485 2151 1544 sive
2190 1484 2377 1549 etiam.
2402 1503 2524 1545 una
2548 1504 2645 1543 ea·

487 1574 1018 1653 demquemachiua
1043 1577 1155 1639 fuit
1173 1588 1406 1657 portatu
1430 1576 1633 1649 facilis,
1658 1596 1933 1655 quamsex
1960 1596 2075 1639 uno
2094 1576 2299 1639 ,ordine
2320 1576 2381 1635 in
2400 1576 2645 1643 alterum

483 1671 916 1744 promovebant,
957 1668 1184 1749 quoties
1229 1670 1485 1750 lapidem
1526 1670 1589 1729 in
1638 1669 1819 1734 altum
1844 1668 2071 1731 .touere
2111 1668 2325 1728 vellent
2342 1689 2365 1733 t,
2414 1686 2549 1733 nam
2588 1668 2647 1725 in

483 1768 784 1837 utramque
823 1771 1066 1840 partem,
1101 1762 1584 1841 quemadmodum
1608 1761 1831 1822 factum
1873 1761 2135 1831 traditur,
2164 1760 2383 1825 dictum
2402 1779 2457 1826 ,a
2482 1761 2645 1822 nobis

487 1845 634 1911 esto.
714 1852 922 1919 Perfiei
961 1866 1158 1915 autem
1214 1866 1497 1934 coeptum
1508 1867 1597 1915 est
1638 1872 1783 1933 opus
1818 1873 1855 1913 a
1894 1864 2149 1921 summo,
2134 1876 2148 1890 ·
2202 1852 2338 1915 dein
2374 1852 2647 1917 inferiora

486 1941 762 2019 paulatim
787 1944 1191 2016 absolverunt3
1231 1957 1292 2009 et
1314 1946 1391 2005 ad
1418 1956 1737 2005 extremum
1766 1948 1939 2005 imam
1972 1957 2199 2029 partem
2226 1955 2285 2003 et
2311 1956 2482 2009 terrae
2519 1964 2647 2022 pro·

389 2020 400 2031 ⁶
485 2032 700 2091 ximam
734 2036 1127 2112 perfecerunt.
1211 2037 1443 2115 Seripto
1482 2048 1681 2097 autem
1720 2035 1781 2095 in
1795 2036 2105 2141 ‘pgramide
2132 2034 2529 2137 copsignatum
2558 2046 2645 2093 est

484 2123 666 2183 literis
689 2127 1013 2206 AEgyptiis,
1039 2140 1318 2207 quantum
1357 2129 1417 2187 in
1456 2129 1765 2207 raphanos,
1786 2128 1853 2193 -in
1894 2146 2085 2205 cepas
2104 2137 2167 2187 et
2204 2126 2265 2185 in
2303 2126 2439 2189 allia
2474 2125 2646 2187 fuerit

487 2215 832 2293 impensum,
857 2219 1065 2297 quibus
1091 2220 1182 2279 usi
1219 2231 1354 2281 sunt
1377 2220 1441 2279 hi
1466 2220 1563 2299 qui
1598 2238 1773 2298 opus
1778 2208 2074 2279 fecerunt:
2118 2230 2185 2277 et
2216 2228 2377 2284 recte
2414 2218 2648 2285 memini

489 2325 622 2384 quse
649 2308 787 2367 mihi
813 2309 959 2369 dixit
985 2311 1289 2392 interpres,
1329 2332 1508 2391 quum
1548 2312 1827 2390 scriptum
1866 2311 2112 2390 legeret,
2150 2330 2433 2397 summam
2474 2311 2647 2372 fuisse

489 2398 648 2457 mille
675 2410 738 2461 et
763 2414 1162 2465 sexcentorum
1201 2404 1569 2465 talentorum.
1653 2404 1829 2471 Quod
1854 2404 1903 2463 si
1928 2404 2013 2463 ita
2046 2413 2153 2474 est,
2182 2413 2458 2479 quantum
2486 2414 2649 2482 puta·

491 2488 678 2548 bimus
701 2492 1024 2570 impensum
1045 2495 1230 2555 fuisse
1245 2496 1314 2554 -in
1337 2495 1571 2569 ferrum,
1600 2511 1715 2574 quo
1744 2493 1836 2561 usi
1868 2494 1985 2556 sint
2021 2495 2098 2555 ad
2124 2510 2269 2571 opus
2302 2493 2649 2568 faciendum,

493 2574 960 2655 tum'in-cibaria,
991 2598 1052 2646 et
1089 2587 1150 2647 in
1185 2588 1527 2652 vestimenta
1566 2585 2001 2666 operariorum?
2040 2584 2505 2663 quandoquidem
2532 2596 2653 2643 tan-

489 2684 616 2734 tum
642 2678 938 2755 temporis,
963 2691 1237 2758 quantum
1267 2681 1402 2752 dixi,
1424 2680 1697 2742 faciendo
1722 2678 1886 2757 operi
1904 2678 2309 2761 insumserunt,
2330 2694 2443 2737 nec
2466 2678 2651 2735 minus

489 2767 734 2841 multum
772 2772 1046 2851 temporis
1085 2773 1378 2838 caedendis
1413 2772 1720 2852 lapidibus,
1760 2770 2095 2849 eisdemque
2112 2754 2549 2847 promovendis,
2592 2781 2652 2828 et

493 2856 665 2919 fossoe
687 2865 1078 2927 subterraneae
1103 2867 1501 2929 conficiendas.
1600 2920 1605 2927 .

513 2958 712 3017 -.126
759 2958 846 3017 Eo
861 2970 1080 3023 autem
1101 2960 1302 3039 fiagitii
1327 2959 1685 3041 processisse
1714 2958 2013 3039 Cheopem
2040 2920 2357 3029 dixeruut,
2360 2968 2448 3028 ut,
2450 2976 2651 3036 quum

395 3082 406 3091 ,
492 3047 750 3121 pecuniis
775 3047 1084 3129 indigeret,-
1107 3053 1282 3113 filiam
1309 3054 1481 3113 etiam
1506 3072 1669 3114 suam
1704 3052 1765 3111 in
1790 3050 2053 3131 lupanari
2066 3050 2303 3125 jusserit
2332 3049 2651 3117 considere,

499 3146 578 3193 et
584 3141 847 3215 pecuniae
871 3156 1148 3218 summam
1173 3158 1441 3224 quantam
1467 3152 1679 3224 posset.
1688 3144 1991 3205 maximam
2014 3140 2343 3205 conficere„
2363 3142 2653 3207 Quantum

500 3226 594 3296 sit,
621 3232 776 3305 quod
806 3233 904 3293 illa
928 3236 1044 3297 hoc
1069 3240 1242 3297 modo
1263 3237 1581 3317 collegerit,
1604 3255 1721 3297 non
1746 3244 2123 3304 ‚memor-atur:
2166 3235 2275 3293 sed
2297 3234 2423 3304 boc⁴
2440 3251 2655 3299 memus

499 3330 650 3399 rant,
677 3324 976 3403 collegisse
1013 3321 1524 3389 illamuion‘modo
1564 3328 1871 3407 pecuniam
1900 3347 1937 3388 a
1961 3337 2123 3404 patre
2150 3325 2655 3404 imperatam-25⁷&

502 3415 850 3486 rum'etiam,
879 3438 1056 3495 quum
1083 3438 1188 3481 suo
1213 3422 1445 3481 nomine
1470 3421 1731 3500 privatim
1762 3429 2003 3497 cuperet
2026 3426 2457 3481 monumentum
2498 3416 2659 3478 relinr

503 3522 698 3579 quere,
715 3509 800 3567 -ab
828 3520 1172 3589 unoquoque
1201 3512 1298 3591 qui
1313 3512 1556 3571 adeam
1574 3513 1840 3575 intrasset
1864 3510 2205 3589 postulasse,
2230 3519 2297 3566 ut
2312 3506 2660 3584 ‚unumlapi-

502 3594 660 3666 dem,
683 3598 761 3657 ad
785 3619 932 3678 opus
955 3601 1603 3675 faciendum-idoneum,
1630 3604 1741 3665 sibi
1762 3602 2083 3662 conferret.
2068 3621 2083 3636 ·
2124 3620 2199 3659 ex
2216 3599 2441 3677 illisque
2460 3598 2659 3677 lapidi-

507 3688 640 3759 buS,
670 3689 952 3763 dixerunt,
963 3702 1330 3753 exstructam
1341 3715 1482 3756 esse
1508 3675 1865 3774 pyramidem
1894 3713 2025 3770 quaa
2050 3692 2107 3755 in
2128 3692 2321 3752 medio
2344 3700 2464 3757 stat,
2476 3690 2659 3757 trium,

503 3790 644 3839 ante
673 3802 954 3862 maguam·
965 3787 1360 3865 pyramidem,
1399 3792 1565 3863 cujus
1592 3786 1861 3866 quodque
1882 3786 2053 3869 latus
2066 3795 2157 3843 est
2182 3782 2543 3861 longitudine
2564 3800 2661 3861 pe·

507 3872 645 3991 dum
673 3886 906 3936 centum
935 3888 996 3937 et
1021 3878 1479 3957 quinquaginta.
1534 3910 1537 3915 ·
1840 3908 1849 3917 ·

536 3968 727 4029 127.
772 3968 1070 4048 Gheopem
1091 3970 1247 4029 hunc
1273 3969 1471 4047 dixere
1494 3969 1749 4049 AEgyptii
1782 3988 2054 4047 regnasse
2080 3985 2261 4029 annos
2260 3926 2661 4043 quinquagin-

483 4068 620 4129 tar
647 4060 816 4137 eique
849 4062 1121 4128 defuneto
1155 4064 1503 4123 successisse
1530 4065 1591 4123 in
1618 4074 1861 4141 reguum
1884 4064 2123 4123 fratrem
2146 4067 2267 4136 ejus
2294 4060 2661 4134 Cliephrenem.

509 4152 695 4219 Hunc
721 4174 906 4232 quum.
922 4156 984 4213 in
1009 4156 1135 4225 aliis
1161 4158 1333 4227 rebus
1355 4156 1571 4233 eodem¹
1600 4155 1858 4217 instituto
1882 4174 2046 4216 usum
2076 4173 2201 4216 esse
2220 4164 2395 4229 atque
2412 4151 2664 4220 fratrem,

507 4256 651 4309 atum„-
677 4247 848 4308 etiam
885 4249 1240 4328 pyramidem
1259 4248 1641 4311 :exstruxisse
1666 4252 1673 4293 ῗ
1724 4248 1807 4307 Et
1830 4248 1957 4309 haec
1984 4247 2217 4324 quidem
2238 4243 2491 4323 pyramis
2518 4262 2669 4306 men-

507 4356 706 4401 suram·
731 4340 938 4420 prioris
967 4341 1094 4403 illus
1121 4360 1240 4401 non
1273 4349 1589 4419 exsequat3
1626 4342 1793 4417 <nam
1812 4355 2111 4399 mensuras
2139 4337 2313 4399 etiam
2341 4354 2447 4398 nos
2474 4333 2666 4411 exegi·
