2817 4792
1153 281 1593 346 cALmoPE.
1614 334 1621 342 .
2012 361 2017 366 p
2326 282 2442 346 467

284 433 426 497 quae
449 414 510 475 in
515 412 762 503 templis
789 364 1062 474 dedicare
1081 412 1517 474 constituerunt.
1598 409 1788 494 Atque
1812 407 1929 471 hoc
1956 426 2108 472 anno
2133 404 2271 468 nihil
2296 429 2444 490 prae-

289 519 460 568 terea
482 492 850 568 memorabile
869 516 1096 584 gestum
1125 515 1234 566 est.

380 603 510 660 122.
555 599 750 676 Hujus
791 599 1089 678 Artayctae
1127 615 1164 656 e
1201 595 1368 656 trabe
1401 594 1659 674 suspensi
1698 573 2027 675 progenitor
2066 593 2443 655 Artembares

197 745 206 750 .
292 689 470 762 fuit,
451 709 500 750 is
527 690 624 771 qui
652 688 842 750 Persis
869 698 1065 748 auctor
1087 686 1278 747 fuerat
1302 687 1598 758 sermonis,
1624 706 1797 766 quem
1824 686 1912 745 illi
1922 685 2261 767 arripientes
2291 687 2447 765 Cyro

297 791 740 863 proposuerunt,
785 780 846 840 in
891 781 1044 840 hanc
1084 779 1466 841 sententiam.
1522 786 1564 853 ‘.‘
1590 779 1876 846 Quoniam
1923 778 2173 859 Jupiter,
2228 779 2453 840 sublato

304 875 591 954 Astyage,
619 872 808 932 Persis
847 871 1139 951 imperium
1167 871 1419 941 tradidit,
1448 879 1511 932 et
1542 890 1662 952 prm
1688 870 1949 932 omnibus
1976 870 2299 932 hominibus
2325 870 2450 944 tibi,

247 1028 252 1032 ,
306 966 466 1046 Cyre
486 989 524 1037 ς·
552 983 682 1044 age,
723 983 898 1042 quum
936 974 1146 1024 terram
1183 963 1573 1044 possideamus
1600 963 1886 1044 exiguam,
1912 983 2153 1044 eamque
2176 959 2453 1044 asperam,
2532 1024 2543 1034 ,

304 1057 418 1117 hae
451 1054 653 1116 relicta
680 1055 850 1116 aliam
887 1055 1208 1116 habitemus
1233 1056 1564 1118 meliorem!
1605 1056 1757 1116 Sunt
1782 1068 1977 1117 autem
2002 1057 2197 1116 multae
2221 1057 2366 1117 tales
2392 1057 2452 1116 in

303 1147 646 1228 propinquo,
665 1149 864 1208 multae
889 1147 1060 1222 etiam
1084 1146 1507 1237 longinquiores
1538 1167 1555 1208 ε
1602 1167 1847 1228 quarum
1872 1149 1919 1210 si
1939 1167 2109 1208 unam
2136 1167 2451 1228 occupave-

266 1242 270 1248 '
301 1239 498 1310 rimus,
524 1237 776 1317 pluribus
813 1238 1138 1301 hominibus
1175 1238 1533 1300 admirationi
1572 1240 1803 1300 erimus.
1884 1240 2080 1302 Decet
2116 1251 2309 1300 autem
2338 1239 2451 1300 hoe

306 1331 499 1390 facere
525 1329 676 1389 viros
700 1329 1074 1410 principatum
1103 1340 1362 1391 tenentes
1375 1333 1403 1390 't
1456 1341 1515 1390 et
1543 1332 1773 1412 quando
1798 1331 2031 1392 tandem
2058 1331 2119 1391 id
2142 1333 2268 1392 fieri
2294 1351 2451 1393 com-

307 1421 528 1481 modius
553 1420 766 1499 poterit
792 1441 964 1500 quam
991 1441 1162 1492 nunc,
1187 1421 1286 1481 ubi
1313 1431 1402 1482 tot
1430 1421 1749 1483 hominibus
1776 1434 1837 1483 et
1862 1422 2141 1494 universae
2166 1423 2355 1484 Asiae
2338 1443 2445 1484 un-

307 1531 601 1592 petamus.
585 1513 649 1550 ⁹''
707 1513 933 1579 Quibus
987 1513 1192 1572 auditis
1248 1513 1458 1594 Cyn-ue,
1504 1513 1732 1573 minime
1782 1514 2027 1592 probans
2078 1515 2459 1594 propositum,·

309 1613 351 1643 “
369 1607 607 1666 Faciant
621 1606 807 1668 hoc!”
831 1606 939 1678 ait;
969 1613 1011 1644 “
1026 1605 1194 1668 simul
1219 1619 1356 1666 vero
1381 1607 1467 1666 ita
1485 1625 1549 1668 se
1575 1615 1923 1688 comparent,
1934 1616 2001 1667 ut
2030 1607 2129 1685 qui
2153 1607 2453 1687 imperium

308 1717 484 1778 porro
521 1718 642 1759 non
679 1699 927 1759 habituri
963 1699 1096 1771 sint,
1136 1696 1240 1759 sed
1276 1699 1533 1779 passuri!
1582 1699 1677 1758 Ita
1712 1698 1861 1759 enim
1889 1709 2150 1760 naturam
2186 1699 2359 1770 ferre,
2386 1711 2456 1760 ut

309 1790 636 1873 mollibus
613 1811 674 1850 m
711 1791 875 1852 terris
913 1791 1118 1852 molles
1155 1802 1467 1851 nascentur
1501 1790 1797 1852 homines:
1851 1807 1963 1851 nee
2002 1791 2155 1856 enim
2196 1791 2457 1867 ejusdem
2520 1856 2522 1858 ,

305 1891 482 1942 terrae
519 1901 669 1954 esse,
697 1893 758 1942 et
783 1882 1018 1943 eximios
1041 1881 1264 1943 fructus
1287 1882 1458 1956 ferre,
1487 1893 1550 1944 et
1588 1883 1768 1964 fortes
1794 1883 1953 1944 hello
1976 1882 2183 1944 viros.”
2264 1883 2343 1942 Et
2367 1882 2455 1942 in·-

310 1973 632 2052 telligentes
661 1974 871 2044 Persae,
899 1976 1054 2052 longe
1076 1975 1451 2050 sapientiorem
1479 1975 1612 2052 Cyri
1635 1977 1951 2035 sententiam
1974 1977 2133 2054 quam
2158 1995 2324 2047 suam,
2356 1975 2459 2034 de·

319 2057 584 2126 sistentes
604 2066 897 2146 proposito
923 2066 1221 2138 abierunt3
1271 2076 1333 2127 et
1367 2067 1652 2147 imperare
1676 2067 2020 2142 maluerunt,
2046 2078 2277 2133 tenuem
2304 2067 2461 2127 inco-

309 2155 498 2225 lentes
515 2165 742 2232 terram,
763 2177 932 2238 quam
959 2169 1344 2240 campestrem
1365 2158 1733 2241 fertilemque
1756 2159 2017 2222 colentes
2036 2159 2159 2222 aliis
2186 2158 2417 2220 servire.
2434 2201 2459 2220 .

1067 2933 1242 2973 1³¹1le
1286 2933 1475 2978 unm
1517 2933 1699 2975 Hom.

2122 4357 2225 4366 —-—

572 4376 762 4426 Loudini
785 4379 1065 4442 imprimebat
1088 4380 1133 4427 Σ.
1155 4377 1208 4428 F.
1233 4382 1398 4436 Dov'n,
1417 4380 1465 4428 in
1487 4379 1608 4428 Area
1627 4388 1821 4440 quaest
1846 4380 1955 4428 Divi
1974 4381 2177 4448 Ioannis.
