2817 4792
1098 731 1103 738 Ι
1218 547 1912 702 ΗΕΒὸυοτι

728 733 2290 928 HISTORIARUM

1094 1102 1105 1108 -
1199 1058 1478 1124 ‚LIBER
1522 1051 1892 1126 SEXTUS.

1303 1184 1779 1324 ERATOL

457 1535 1061 1622 1.·An1snoous
1104 1558 1295 1639 igitur,
1327 1581 1444 1641 quo
1471 1570 1722 1620 'auctore
1759 1559 1924 1618 Ionia
1963 1555 2284 1628 defecerat,‘
2307 1557 2422 1618 hoc
2449 1556 2610 1616 modo·

450 1665 625 1726 vitam
668 1665 869 1725 finivit.
950 1665 1229 1725 Histiaeus
1263 1685 1422 1737 vero,
1468 1664 1657 1724 Mileti
1699 1675 1992 1748 tyrannus,
2035 1679 2074 1722 a
2113 1661 2293 1722 Dario
2333 1659 2609 1730 dimissus,

452 1759 669 1820 Sardes
710 1768 835 1818 erat
872 1757 1207 1838 profectus·
1253 1777 1373 1836 quo
1414 1756 1511 1816 ubi
1553 1752 1712 1816 Susis
1752 1757 2037 1835 pervenit,
2076 1754 2456 1832 interrog-avit
2493 1770 2613 1812 eum

452 1829 873 1938 Artaphernes‚
906 1849 1170 1909 Sardium
1198 1850 1524 1929 praefectus,
1547 1869 1654 1925 qua
1673 1869 1732 1907 re
1746 1847 1991 1908 inductos
2009 1855 2235 1923 putaret
2255 1845 2423 1904 Ionas
2445 1867 2480 1903 a
2497 1863 2614 1920 rege

448 1942 720 2021 defici-ese.
800 1941 873 2000 Id
897 1954 1075 2020 quum
1116 1941 1213 2000 ille
1254 1961 1318 1998 se
1362 1941 1626 2018 ignorare
1663 1939 1900 2006 diceret,
1929 1938 2351 2018 mirareturque
2379 1937 2612 2003 factum,

448 2035 613 2118 quasi
640 2033 780 2092 nihil
808 2033 881 2092 de
909 2035 1081 2094 rebus
1109 2033 1488 2112 praesentibus
1508 2044 1869 2110 compertum
1889 2029 2152 2100 haberet,
2174 2027 2432 2088 artificiis
2455 2038 2614 2086 uten-

446 2136 567 2184 tem
592 2125 798 2184 videns
818 2126 1217 2204 Artaphernes
1237 2124 1348 2185 ait:
1392 2125 1546 2183 “Ita
1565 2123 1690 2194 tibi,
1715 2122 1983 2192 Histiaee,
2006 2121 2133 2180 haec
2153 2139 2246 2180 res
2263 2119 2478 2180 habet:
2505 2117 2611 2178 cal*

446 2233 615 2276 ceum
642 2217 799 2276 hunc
819 2226 883 2274 tu
908 2216 1221 2295 projecisti,
1252 2210 1313 2275 et
1336 2213 1522 2275 induit
1550 2233 1684 2274 eum
1710 2214 2119 2292 Aristagoras?

524 2312 585 2366 2.
628 2307 764 2366 Hoc
792 2327 967 2386 quum
996 2308 1409 2397 Artaphernes,
1440 2307 1515 2366 ad
1543 2306 1935 2367 defectionem
1961 2303 2141 2383 quod
2156 2303 2399 2374 adtinet,
2439 2300 2608 2370 dixis-

444 2406 569 2464 set,
614 2403 881 2456 metuens
922 2391 1055 2458 eum
1098 2372 1393 2468 Histiaeus*
1438 2407 1644 2477 utpote
1683 2397 2100 2475 intelligentem
2138 2394 2276 2474 quid
2315 2394 2402 2453 r'ei
2444 2403 2606 2464 esset,

441 2488 695 2566 protinus
722 2483 905 2568 prima
940 2501 1114 2550 nocte
1142 2489 1217 2550 ad
1259 2507 1416 2548 mare
1442 2489 1728 2568 profugit:
1771 2489 1886 2566 qui,
1917 2507 2091 2568 quum
2121 2487 2299 2549 Dario
2325 2486 2606 2566 pollicitus

443 2591 599 2640 esset
626 2580 945 2641 Sardiniam
974 2581 1277 2640 maximam
1304 2579 1548 2640 insulam
1591 2580 1830 2659 imperio
1867 2579 2016 2639 illius
2041 2577 2475 2654 subjiciendam,
2515 2577 2609 2637 de-

442 2684 617 2752 cepto
640 2689 803 2752 rege,
832 2673 979 2734 clam
1010 2686 1215 2734 auctor
1242 2669 1480 2738 Ionibus
1505 2672 1698 2733 fuerat
1720 2672 1859 2733 belli
1887 2671 2164 2752 adversus
2190 2665 2352 2729 illuin
2377 2669 2606 2750 suscipi-

441 2767 597 2826 endi.
682 2765 803 2826 Sed
832 2767 1041 2828 Chium
1082 2766 1495 2845 transgressus,
1536 2765 1598 2823 in
1623 2765 1872 2824 vincula'
1893 2783 1930 2824 a
1959 2763 2120 2823 Chiis
2161 2765 2466 2840 conjectus
2503 2757 2622 2831 est,'

438 2870 769 2938 suspectum
796 2877 931 2918 eum
959 2859 1305 2918 habentibus
1333 2858 1498 2937 quasi
1522 2876 1616 2918 res
1643 2876 1823 2916 novas
1850 2856 2124 2916 adversus
2149 2855 2304 2934 ipsos
2333 2854 2487 2932 regis
2511 2870 2604 2912 no-

438 2951 594 3010 mine
634 2951 987 3012 molientem.
1069 2951 1219 3010 Mox
1261 2959 1473 3021 tamen,
1518 2948 1756 3028 cognita
1791 2948 1876 3006 rei
1913 2945 2173 3017 veritate,
2215 2946 2618 3010 hostem-«esse-

436 3043 582 3122 regi,
612 3043 851 3103 vinculis
874 3064 1005 3103 eum
1030 3043 1159 3104 Chii
1185 3042 1500 3103 solverunt.

516 3142 576 3196 3.
620 3136 709 3194 Ibi
746 3155 884 3194 vero
923 3135 1305 3213 interrogatus
1335 3133 1614 3193 Histiaeus
1644 3153 1680 3193 a
1707 3133 1964 3206 Ionibus,
1994 3153 2094 3191 cur
2112 3133 2195 3191 ita
2219 3132 2458 3190 studiose
2483 3131 2600 3190 An·-

433 3236 689 3305 stagoroe,
712 3237 775 3284 ut
796 3248 830 3285 a
850 3248 978 3306 rege
996 3229 1260 3304 deficeret,
1277 3227 1602 3298 mandasset,
1620 3245 1810 3286 veram
1827 3225 1937 3285 illis
1958 3244 2223 3284 caussam
2243 3242 2595 3304 nequaquam

434 3318 787 3397 expromsit,
771 3343 787 3358 ·
828 3319 955 3389 sed,
986 3327 1242 3396 “regem
1279 3317 1580 3389 Darium,’'
1607 3317 1705 3388 ait,
1737 3325 1776 3354 ‘⁴
1795 3317 2152 3378 constituisse
2182 3315 2490 3376 Phoeuices
2514 3335 2595 3374 se-

433 3409 601 3468 dibu‘s
630 3410 746 3468 suis
774 3410 997 3470 excitos
1024 3411 1084 3468 in
1113 3409 1334 3469 Ioniam
1363 3409 1700 3484 transferre,
1723 3409 1895 3468 Ionas
1923 3419 2116 3468 autem
2147 3407 2204 3466 in
2245 3406 2592 3466 Phoenicen.

431 3521 504 3560 ea
533 3521 737 3561 caussa
764 3521 828 3561 se
848 3503 1000 3561 istud
1026 3501 1387 3570 mandasse?
1431 3502 1522 3560 Ita
1543 3501 1712 3565 Ionas
1733 3501 1955 3572 terruit,
1974 3519 2150 3580 quum
2173 3499 2314 3558 nihil
2335 3517 2595 3578 umquam

428 3593 547 3654 tale
575 3614 680 3654 rex
710 3595 899 3654 animo
929 3595 1222 3673 agitasset.
2189 3628 2194 3632 ·

505 3691 567 3745 4.
607 3685 749 3746 Post
777 3687 905 3746 haec
934 3686 1291 3746 internuncio
1321 3687 1646 3766 Hermippo
1685 3705 1820 3745 usus
1853 3684 2414 3754 H1st1aeus,hom1ue
2443 3680 2596 3743 Atar-

424 3774 566 3848 nita,
596 3777 907 3836 adaPersas
934 3777 1261 3850 nonnullos,
1285 3779 1381 3858 qui
1408 3779 1686 3838 Sardibus
1714 3787 1898 3847 erant,
1923 3776 2195 3855 epistolas
2216 3774 2394 3850 misit,
2424 3787 2489 3835 ut
2509 3775 2594 3853 qui

411 3857 623 3930 'secum
650 3881 821 3930 antea
847 3871 921 3930 de
951 3869 1279 3930 defectione
1317 3891 1612 3931 sermones
1653 3870 2031 3930 miscuissent.
2120 3870 2206 3928 At
2248 3869 2592 3949 Hermippus

422 3963 526 4034 eis,
548 3960 623 4022 ad
649 3981 793 4039 quos
822 3963 1026 4022 missus
1065 3972 1207 4032 erat,
1236 3983 1350 4022 non
1376 3963 1628 4022 reddidit
1653 3961 1946 4041 epistolas,
1975 3961 2082 4020 sed
2108 3960 2452 4039 Artapherni
2487 3971 2590 4019 tra·

420 4054 587 4116 didit.
669 4054 781 4114 Ille
810 4074 966 4126 vero,
996 4074 1060 4114 re
1092 4054 1246 4113 omni
1282 4055 1537 4133 cognita,
1573 4055 1742 4130 jussit
1784 4051 2168 4142 Hermippum
2209 4052 2295 4112 eis
2335 4050 2593 4132 epistolas

418 4147 667 4206 reddere
689 4143 765 4206 ad
792 4165 937 4224 quos
964 4147 1113 4206 datae
1137 4155 1319 4215 erant,
1348 4147 1452 4204 sibi
1471 4164 1609 4205 vero
1637 4147 1867 4206 tradere
1887 4143 2034 4216 illas,
2063 4162 2205 4223 quas
2228 4143 2429 4203 Persae
2441 4143 2588 4204 vicis-

420 4239 526 4316 sim
556 4240 633 4299 ad
661 4239 970 4298 Histiaeum
997 4238 1418 4317 perferendas
1404 4237 1509 4318 ipsi
1537 4237 1846 4298 dedissent.
1928 4239 2062 4304 Quo
2100 4237 2259 4296 facto
2297 4247 2587 4317 postquam

417 4311 497 4388 illi
524 4331 804 4411 comperti
829 4331 1086 4400 fuerunt,
1117 4330 1190 4389 de
1219 4329 1440 4388 multis
1455 4329 1762 4387 Persarum
1798 4328 2142 4408 supplicium
2182 4327 2386 4388 sumsit
2423 4329 2602 4400 Arta-⁵

415 4420 685 4500 phernes.
767 4425 968 4502 Atque
996 4423 1078 4482 ita
1104 4421 1379 4482 tumultus
1410 4419 1685 4480 Sardibus
1708 4419 1945 4481 exstitit.
