2817 4792
1093 309 1388 372 CLIO.·
1530 315 1535 322 ’
2256 323 2345 378 23·

173 433 576 534 cognoverant,
603 433 914 532 bospitium
937 449 1000 498 et
1035 440 1372 500 societatem
1395 452 1572 528 pacto
1610 443 1831 504 foedere
1860 464 1993 530 cum
2022 463 2093 504 eo
2119 455 2345 506 contra-

199 521 416 594 xerunt3
451 527 584 584 n‘am
615 525 676 586 'et
701 539 874 587 antea
905 533 1024 604 jam
1051 532 1338 591 beneficia
1357 521 1633 592 nonnulla
1661 517 1883 595 Croesi
1868 557 1927 593 ιιι
1952 517 2081 596 illos
2103 533 2343 596 exstite-

199 625 331 698 rant.
411 616 621 676 Sardes
650 619 802 676 enim
831 639 1007 721 quum
1035 623 1320 682 misissent
1339 623 1776 683 Lacedaemonii
1804 628 1881 685 ad
1908 627 2235 687 emendum
2244 648 2348 685 au·-

195 701 320 776 rum,
345 727 457 784 quo
483 708 640 766 u‘suri
668 721 831 768 erant
851 712 908 767 in
935 723 1201 782 statuam,
1224 699 1378 772 hanc
1407 733 1539 792 quae
1570 716 1832 793 Apo'llini
1860 719 2047 794 posita
2072 737 2229 776 nunc
2253 729 2343 798 est

195 796 244 854 in
262 797 568 866 Thornace
583 799 880 872 Laconiae,
915 804 1144 863 Croesus
1165 805 1309 863 illud
1336 803 1573 864 einturis
1600 806 1759 865 dono
1782 807 2069 867 dederat.

262 891 352 952 70.
371 891 564 954 Quum
585 891 768 950 hanc
751 893 929 970 igitur
951 897 1024 954 ob
1048 915 1326 968 caussam,
1343 906 1461 953 tum
1482 895 1683 973 quod
1661 903 1812 975 ipsos
1834 899 2062 976 reliquis
2081 901 2347 960 omnibus

197 980 484 1056 praeferens
507 981 736 1042 Graecis
755 984 1058 1062 selegisset
1082 985 1316 1058 amicos,
1332 987 1673 1046 societatem
1696 990 2047 1049 admiserunt
2066 991 2346 1051 L'acedae-

199 1071 367 1130 monii.
450 1075 545 1132 Ac
573 1093 692 1132 non
717 1075 890 1134 modo
915 1078 1099 1155 parati
1127 1087 1291 1137 erant
1319 1061 1693 1137 denuncianti
1725 1080 1957 1140 mittere
1984 1082 2217 1152 auxilia,
2246 1103 2346 1141 ve-

201 1169 311 1219 rum'
337 1164 506 1222 etiam
531 1157 816 1225 craterem
849 1188 1076 1227 aeneum
1109 1169 1505 1228 fabricandum
1547 1183 1837 1243 curarunt,
1866 1173 2102 1256 multis’
2086 1166 2348 1271 imagu'n·

203 1252 329 1310 culis
363 1253 512 1313 'circa
547 1256 798 1316 exterius
833 1258 1048 1317 labium
1092 1249 1376 1332 ornatum,
1423 1257 1494 1319 ea
1533 1243 1949 1339 magnitudine
1960 1249 2025 1323 ut
2060 1276 2352 1324 trecentas

203 1333 410 1422 caperet
430 1347 748 1425 amphoras,
770 1369 944 1427 quem
966 1335 1039 1409 ad
1058 1334 1319 1410 Croesum
1340 1341 1639 1425 miserunt,
1661 1355 1817 1412 dono
1834 1345 1950 1414 hoc
1972 1355 2130 1413 illum
2160 1353 2348 1416 remu·

203 1441 449 1500 neraturi.
531 1442 652 1501 Hic
680 1463 820 1502 vero
858 1456 1050 1502 crater
1087 1445 1301 1516 Sardes
1341 1466 1460 1504 non
1497 1447 1779 1525 pervenit,
1818 1450 1984 1525 cujus
2020 1447 2105 1505 rei
2134 1441 2353 1508 caussa

207 1531 486 1609 dupliciter
505 1535 786 1594 narratur.
867 1536 1302 1594 Lacedaemonii
1331 1531 1567 1616 quidem
1596 1539 1774 1610 aiunt,
1804 1559 1979 1628 quum
2010 1539 2223 1599 Sardes
2252 1559 2351 1598 ve-

203 1619 412 1682 hex-etur
440 1635 628 1684 crater
651 1635 710 1684 et
736 1646 914 1705 prope
948 1628 1181 1686 Samum
1209 1638 1382 1699 esset,
1430 1629 1671 1701 Samios,
1715 1651 1777 1688 re
1815 1632 2073 1707 cognita,
2109 1629 2351 1691 navibus

205 1713 368 1792 longis
393 1715 688 1787 advectos,
719 1723 849 1775 eu'm
875 1719 1272 1804 intercepisse.
1354 1716 1479 1798 Ipsi
1505 1739 1641 1778 vero
1656 1711 1845 1778 Samii
1875 1721 2049 1786 aiunt.
2073 1720 2352 1806 Lacedae-

207 1804 404 1865 monins
431 1805 712 1867 craterem
741 1809 1112 1879 advehentes,
1143 1815 1320 1888 quum
1347 1829 1477 1868 sero
1499 1810 1811 1893 venissent,
1840 1822 1899 1867 et
1929 1797 2139 1870 Sardes
2168 1831 2353 1891 expu-

211 1913 388 1975 gnatas
412 1903 724 1982 regemque
746 1913 979 1984 captum
1022 1923 1148 1961 esse
1175 1902 1608 1982 comperissent,
1639 1883 1922 1960 craterem
1960 1901 2017 1958 in
2058 1897 2280 1960 Samo
2264 1923 2351 1962 m·

210 1991 328 2052 sula
334 1994 672 2066 vendidisse,
689 1996 1055 2074 privatosque
1077 1993 1338 2054 homines
1361 2015 1469 2054 suo
1486 2003 1603 2075 aere‘
1626 2005 1837 2074 emtum
1863 1994 1921 2051 in
1936 1993 2005 2053 J
1984 2014 2181 2054 unoms
2201 1989 2351 2054 tem-

210 2083 294 2160 plo
319 2103 712 2168 consecrasse:
739 2087 986 2146 fortasse
1015 2098 1209 2145 autem
1230 2087 1360 2156 hos,
1381 2085 1478 2164 qui
1505 2093 1640 2144 eu'm
1660 2065 2054 2156 vendiderant,
2088 2076 2353 2178 Spartam

212 2193 464 2248 reversos,
501 2160 718 2238 dixisse
742 2179 921 2238 fuisse
947 2178 1105 2237 illum
1143 2197 1180 2237 a
1219 2175 1424 2236 Samiis
1452 2176 1508 2236 vi
1536 2177 1807 2236 ablatum.
1843 2177 1983 2285 Ac
2018 2178 2095 2286 de
2127 2173 2355 2238 cratere

210 2267 417 2344 quidem
443 2271 526 2330 ita
549 2290 645 2329 res
675 2290 738 2330 se
763 2266 961 2349 habet.
1099 2276 1110 2286 ”
1224 2276 1246 2284 ”
1297 2277 1302 2284 “
2275 2319 2283 2328 -

277 2361 367 2422 71.
399 2359 670 2422 cameos
699 2382 856 2433 vero,
884 2382 1062 2446 quum
1091 2364 1164 2421 ab
1197 2360 1413 2420 oraculi
1440 2361 1727 2440 sententia
1753 2329 2095 2438 aberrasset,
2102 2361 2359 2446 Cappa-

213 2448 416 2510 dociam
438 2439 604 2512 bello
621 2451 845 2525 invasit,
891 2455 1130 2532 Cyrum
1141 2463 1202 2512 et
1235 2431 1549 2512 Persarum
1580 2452 1899 2531 potentiam
1932 2472 2263 2512 eversurum
2290 2472 2357 2510 se

213 2560 446 2618 sperans,
489 2546 682 2602 Dum
711 2564 850 2605 vero
885 2545 1101 2632 bellum
1140 2535 1415 2606 adversus
1441 2544 1659 2602 Persas
1690 2544 1925 2603 Croesus
1926 2535 2204 2626 parabat,
2234 2543 2357 2624 Ly-

177 2698 184 2702 ,
208 2633 392 2692 dorum
415 2636 632 2714 aliquiS,
663 2637 761 2714 qui
781 2628 978 2710 etjam
1001 2647 1134 2694 ante
1154 2636 1382 2694 habitus
1414 2646 1537 2694 erat
1567 2635 1814 2713 sapiens,
1837 2646 1896 2694 et
1924 2620 1998 2694 ab
2026 2635 2155 2704 hac,
2181 2655 2357 2714 quam

213 2733 336 2784 tunc
362 2726 523 2797 dixit,
551 2727 838 2786 sententia
862 2728 954 2784 vel
982 2727 1235 2786 maxime
1264 2717 1437 2786 etiam
1466 2745 1676 2785 nomen
1708 2737 1797 2785 est
1816 2727 2084 2804 adeptuS,
2112 2719 2357 2802 (Sanda-
2406 2746 2418 2760 ¹

210 2815 284 2873 nis
307 2818 510 2876 homini
539 2838 752 2878 nomen
782 2824 930 2892 erat)
953 2818 1044 2876 his
1071 2807 1256 2876 verbis
1288 2818 1549 2877 Croesum
1576 2805 1897 2877 admonuit.
1950 2825 1985 2851 “
2009 2817 2061 2876 O
2088 2819 2249 2888 rex‚’'

216 2908 337 2986 quit,
378 2917 414 2947 “
439 2911 583 2969 tales
611 2910 880 2971 adversus
909 2909 1170 2968 homines
1199 2920 1262 2967 tu
1291 2909 1525 2968 bellum
1541 2930 1729 2998 paras,
1770 2910 1871 2992 qui
1898 2909 2161 2967 coriacea
2186 2903 2360 2966 subli-

221 2997 400 3074 gacula
443 3013 502 3061 et
543 3006 620 3060 ex'
653 2999 821 3060 corio
865 3001 1154 3080 reliquam
1181 3012 1404 3066 vestem
1447 3010 1711 3077 gestant:
1757 3001 1863 3081 qui
1896 2986 2205 3056 comedunt
2241 3019 2360 3058 non

221 3101 466 3164 quantum
492 3093 713 3162 volunt,
745 3093 850 3151 sed
878 3103 1155 3172 quantum
1183 3081 1420 3162 habent,
1460 3111 1667 3168 aspero
1692 3091 1816 3150 solo
1844 3100 2110 3152 utentes·
2155 3081 2359 3148 adhaec

221 3199 321 3239 non
340 3184 467 3243 vino
496 3195 739 3252 utuntur,
771 3185 878 3243 sed
917 3204 1123 3262 aquarn
1150 3184 1394 3243 bibunt:
1433 3202 1551 3241 non
1577 3181 1716 3240 ficos
1742 3167 1963 3241 habent
1997 3183 2139 3258 quas
2168 3200 2365 3242 come-

224 3273 360 3345 dant,
384 3296 492 3336 nec
521 3259 680 3335 aliud
705 3265 923 3334 bonum
949 3276 1145 3333 ullum.
1229 3275 1362 3332 Hos
1384 3263 1559 3350 igitur
1586 3273 1706 3332 sive
1730 3274 1959 3346 viceriS‚
1986 3273 2125 3351 quid
2152 3273 2233 3332 eis
2260 3291 2364 3332 au·

221 3362 370 3437 feres,
397 3367 536 3424 nihil
561 3367 906 3456 habentibus
925 3367 955 3423 P
998 3366 1084 3424 sin
1108 3354 1292 3425 victus
1313 3364 1512 3436 fueriS,
1543 3365 1673 3424 vide
1693 3375 1833 3443 quot
1858 3374 2183 3442 quantaque
2212 3359 2366 3424 bona

225 3454 289 3512 sis
314 3458 624 3520 amissulfflus
711 3451 929 3517 Nostra
959 3458 1112 3517 enim
1147 3457 1302 3516 bona
1339 3468 1647 3548 postquam
1687 3448 2140 3534 degustaverint,
2171 3455 2373 3527 nolent

226 3565 287 3604 ea
309 3567 340 3606 e
363 3551 620 3608 manibus
659 3547 966 3619 dimittere,
997 3567 1192 3626 neque
1219 3568 1284 3608 se
1311 3541 1467 3653 abigi
1502 3548 1809 3625 patientur.
1863 3546 2202 3624 Equidem
2208 3566 2365 3604 nunc

215 3621 320 3694 'diis
339 3637 520 3699 habeo
542 3640 782 3718 gratias,
810 3633 968 3719 quod
994 3640 1185 3698 Persis
1213 3659 1328 3698 non
1353 3635 1417 3696 in
1443 3639 1694 3697 animum
1719 3639 2003 3697 inducunt
2029 3637 2226 3698 b‘ello
2211 3642 2371 3696 imia-

228 3725 347 3786 dere
365 3731 617 3810 Lydosl’
671 3731 826 3791 Haec
854 3730 950 3790 ille
971 3731 1192 3801 dicenS,
1219 3731 1420 3791 Croeso
1447 3751 1564 3790 non
1590 3729 1908 3808 persuasit.
1939 3725 2217 3807 [quamvis
2236 3749 2371 3789 vere

227 3816 364 3879 dicta
378 3823 418 3898 ι]
461 3822 676 3881 etenim
703 3822 914 3894 Persis,
941 3821 1269 3901 priusquam
1296 3823 1499 3912 Lydos
1534 3815 1918 3911 subegissent,
1946 3820 2087 3878 nihil
2116 3820 2370 3926 delicati,

229 3911 349 4012 nihil
374 3915 505 3973 boni
528 3915 740 3974 fuerat.
795 3957 804 3964 -

248 4006 384 4068 72.
426 4007 812 4086 Cappadoces
837 4006 920 4064 illi
941 4025 978 4066 a
1007 4006 1230 4066 Graecis
1257 4005 1407 4084 Syrii
1436 4006 1821 4065 nominantur.
1903 4004 2154 4062 Fuerant
2181 4015 2373 4062 autem

228 4091 280 4150 hi
314 4095 474 4176 Syrii,
514 4100 846 4184 priusquam
882 4099 1082 4157 Persae
1124 4095 1501 4156 obtinuissent
1549 4095 1877 4174 imperium,
1912 4093 2219 4154 Medorum
2268 4113 2374 4197 po·

229 4190 402 4248 testati
429 4191 709 4266 subjecti.
752 4202 891 4249 tunc
917 4209 1054 4248 vero
1084 4189 1242 4268 Cyro
1269 4187 1562 4293 parebant.
1620 4186 1817 4248 Limes
1845 4187 1995 4246 enim
2024 4173 2288 4243 Medici
2273 4205 2381 4242 ιιιι-

201 4271 356 4353 'perii
376 4296 433 4341 et
451 4284 664 4363 Lydici
691 4269 902 4340 fluvius
935 4283 1125 4362 Halys
1153 4281 1306 4352 erat3
1335 4282 1468 4361 qui
1461 4302 1535 4340 ex
1552 4279 1839 4340 Armenio
1866 4281 2061 4348 monte
2086 4290 2242 4338 ortus
2270 4299 2396 4362 per·

231 4369 466 4434 Ciliciam
493 4376 640 4446 fluit,
669 4375 881 4436 deinde
910 4394 946 4435 a
973 4367 1182 4436 dextra
1210 4373 1507 4434 Matienos
1533 4371 1730 4444 habet,
1760 4391 1797 4463 a
1822 4371 2051 4432 sinistra
2078 4371 2379 4450 Phrygas·
2362 4415 2395 4453 ‚-
