2817 4792
420 307 555 402 ¹sis
596 254 611 266 ⁸
1020 304 1468 367 ussono‘n
1513 301 1850 366 ιιιειοιι.
1891 303 1997 364 v1.

438 449 693 514 presens
718 431 877 501 licet,
906 423 1023 493 non
1048 435 1379 520 respondit:
1421 421 1534 494 nec
1561 422 1710 493 enim
1735 443 1982 513 poterat,
2007 431 2232 492 femore
2255 434 2378 506 jam
2403 430 2467 488 in
2491 441 2622 509 pud

434 519 715 582 tredinem
742 524 1007 585 abeunte.
1054 526 1193 596 Sed,
1224 514 1360 585 dum
1374 525 1478 584 ille
1505 526 1718 585 lectulo
1745 525 2038 604 impositus
2055 523 2116 582 in
2129 523 2324 583 medio
2333 523 2613 598 jacebat,

434 611 695 674 caussam
712 632 819 694 pro
838 629 921 676 eo
945 617 1143 676 dixere
1169 617 1355 686 amici,
1380 634 1576 695 pugna·
1601 613 1970 674 Marathonio.
1985 616 2220 674 multam
2240 613 2620 697 mentionem

431 705 742 776 facientes·
782 718 861 766 et
871 707 1079 767 Lemni
1098 709 1173 768 ab
1197 709 1297 768 illo
1336 721 1527 785 capeoe,
1556 725 1860 786 poenaeque
1895 709 1970 767 de
1998 707 2256 785 Pelasgis
2281 714 2514 774 sumtus,
2547 709 2622 760 et

432 795 639 855 insulae
667 797 1117 860 Atheniensibus
1136 799 1384 859 traditae.
1441 799 1698 858 Favente
1723 807 1915 857 autem
1941 798 2020 856 illi
2047 798 2262 878 populo
2287 797 2616 860 hactenus,

432 898 499 946 ιιι
518 888 717 966 capitis
732 890 971 950 crimine
989 908 1123 951 eum
1140 891 1483 960 absolveret,
1501 890 1605 950 sed
1627 901 1820 950 tamen
1843 898 2074 968 propter
2093 889 2353 948 damnum
2371 883 2630 946 civitati

430 975 651 1038 illatum
672 980 1003 1059 quing-entis
1042 982 1308 1040 multaret
1346 982 1598 1052 talentis,
1630 981 1924 1040 Miltiades
1965 973 2194 1059 quidem
2219 971 2388 1036 hand·
2409 976 2620 1035 multo

429 1079 579 1148 post,
624 1069 791 1130 carie·
819 1089 993 1130 exeso
1038 1073 1480 1152 putrefactoque
1527 1073 1767 1145 femore,
1797 1061 1982 1131 'vitam
2019 1070 2236 1141 finivit:
2275 1062 2622 1148 quingenta

434 1173 627 1221 autem
653 1162 755 1221 illa
782 1161 1001 1222 talenta
1022 1164 1175 1223 filius
1200 1165 1326 1239 ejus
1354 1164 1560 1223 Cimon
1583 1163 1874 1242 persolvit.

518 1249 661 1317 137:
694 1252 1157 1314 Leunoautem
1203 1255 1516 1325 Miltiades,
1547 1255 1803 1314 Cimonis
1841 1253 2010 1324 filius,
2040 1253 2150 1312 hoc
2175 1251 2345 1311 modo
2369 1246 2621 1328 potitus

435 1352 581 1402 erat.
620 1338 937 1423 Postquam
961 1344 1192 1423 Pelasgi
1212 1365 1291 1404 ex
1316 1345 1510 1405 Attica
1525 1347 1600 1405 ab
1627 1345 2070 1405 Atheniensibus
2090 1352 2246 1402 erant
2260 1340 2454 1420 ejecti,
2469 1340 2620 1399 'sive

426 1435 582 1512 jure,
612 1434 731 1496 sive
770 1435 1007 1511 injuria,
990 1455 1237 1496 ·-ιιιιιι
1260 1437 1335 1496 de
1374 1423 1486 1496 hoc
1521 1437 1752 1516 quidem
1793 1435 1874 1494 nil
1913 1435 2068 1495 aliud
2107 1427 2304 1493 dicere
2335 1437 2618 1511 possum,

434 1525 545 1584 nisi
568 1544 699 1604 quae
724 1529 799 1586 ab
836 1527 961 1586 aliis
986 1538 1414 1586 memorantur:
1455 1524 1698 1596 scilicet,
1725 1519 1886 1605 quod
1909 1521 2200 1584 Hecatoem
2225 1523 2622 1602 Hegesandri

433 1612 603 1688 filius,
630 1617 742 1678 hac
790 1619 901 1678 de
916 1637 981 1678 re
1020 1619 1081 1676 in
1108 1618 1383 1678 Historiis
1429 1618 1546 1676 suis
1583 1619 1846 1696 loquens,
1875 1617 2050 1687 dicat,
2093 1615 2350 1706 “injuria
2371 1615 2439 1680 id
2469 1631 2620 1673 esse

436 1707 672 1769 factum.
754 1709 1067 1789 Postquam
1110 1709 1261 1769 enim
1303 1708 1686 1768 Athenienses
1729 1708 2024 1788 regionem
2063 1706 2239 1778 illem,
2275 1723 2444 1784 quam
2493 1705 2620 1764 sub

440 1795 729 1877 Hymetto
769 1801 937 1860 sitnm
974 1799 1255 1878 Pelasgis,
1295 1817 1401 1877 pro
1445 1798 1720 1858 mercede
1747 1797 1894 1856 muri
1921 1798 2054 1856 olim
2097 1798 2214 1856 arci
2238 1797 2619 1856 Athenarum

438 1889 831 1962 circumducti,
871 1891 1157 1952 dederant
1198 1889 1604 1959 habitandam,
1655 1890 1806 1948 hanc
1861 1883 2190 1967 regionem:
2193 1888 2398 1958 nit,‘
2401 1893 2620 1965 ι--Ῑιοιι

438 1999 613 2061 quam
629 1981 789 2042 bene
814 1983 1030 2042 cultam
1057 1983 1332 2042 vidissent
1360 1977 1767 2052 Athenienses,
1782 1999 1955 2059 quum
1977 1992 2148 2040 antea
2174 1975 2374 2038 misera
2389 1978 2620 2043 fuisset

436 2083 501 2133 et
512 2071 721 2133 nullius
748 2074 933 2154 pretii,
960 2073 1173 2134 invidia
1190 2074 1367 2133 fuisse
1392 2083 1594 2182 captos
1613 2083 1674 2132 et
1689 2055 1994 2131 desiderio
1999 2071 2167 2146 hujus
2184 2063 2376 2138 ιειιιὲις
2385 2079 2618 2149 'etque

439 2164 521 2224 ita
546 2165 957 2236 Athenienses,
984 2165 1199 2224 nullam
1238 2163 1406 2224 aliam
1442 2165 1588 2242 juris
1623 2163 1878 2243 speciem
1917 2181 2038 2242 proe
2065 2181 2130 2222 se
2164 2161 2429 2234 ferentes,
2461 2161 2614 2221 illos

442 2255 725 2332 ejecisse.
707 2256 741 2283 ’
824 2257 939 2334 Ipsi
979 2267 1171 2316 autem
1202 2256 1590 2317 Athenienses
1615 2255 2055 2325 contendunt,‘
2059 2259 2220 2329 ‘jure
2245 2271 2280 2312 a
2297 2271 2358 2311 se
2379 2256 2617 2326 ejectos

442 2346 721 2425 Pelasgos
746 2364 893 2407 esse.
976 2347 1291 2427 Postquam
1315 2349 1470 2408 enim
1505 2347 1816 2427 adsignatae
1839 2346 1948 2406 illis
1974 2347 2080 2406 sub
2119 2345 2398 2425 Hymetto
2422 2345 2616 2404 sedes

438 2431 713 2498 fuissent}
754 2437 887 2499 inde
914 2439 1149 2500 eosdem
1184 2439 1343 2499 facto
1364 2440 1582 2518 impetu
1619 2439 1879 2514 injuriam
1913 2437 2046 2516 ipsis
2069 2436 2222 2496 hanc
2251 2434 2448 2496 solitos·
2467 2439 2618 2496 e'sse

440 2522 671 2588 inferre.
714 2525 907 2596 Quum
930 2529 1064 2589 filie
1086 2531 1367 2610 puerique
1394 2530 1833 2590 Atheniensium
1857 2525 2032 2609 aquae'
2051 2528 2376 2587 hauriendae
2389 2527 2618 2588 caussa

442 2619 517 2680 ad
542 2621 777 2694 fontem,
806 2623 899 2682 cui
943 2619 1361 2684 Enneacrunos
1388 2641 1622 2693 nomen,
1655 2617 1858 2700 egredi
1885 2631 2260 2681 consuessent
2283 2644 2301 2689 ς
2325 2621 2620 2696 ‘quaudo-

442 2707 677 2793 ‹juidem
702 2733 809 2792 per
848 2714 911 2774 id
952 2716 1177 2793 tempus
1218 2733 1330 2774 nec
1372 2714 1823 2775 Atheniensibus
1861 2731 1973 2772 nec
2018 2713 2142 2772 aliis
2187 2708 2406 2772 Graecis
2443 2712 2620 2770 servi

438 2805 716 2876 fuissent,
698 2831 714 2848 ·
757 2807 1052 2886 Pelasgos,
1074 2807 1305 2886 quoties
1335 2807 1550 2866 Atticm
1575 2807 1786 2887 puelloe
1809 2808 1886 2867 ad
1909 2806 2134 2866 fontem
2167 2795 2464 2874 venissent,
2499 2822 2618 2882 per

442 2899 851 2959 contumeliam
886 2908 1355 2977 contemtumque
1380 2898 1494 2956 vim
1521 2899 1606 2958 eis
1639 2899 1920 2959 intulisse.
1999 2897 2082 2956 Et
2115 2915 2192 2956 ne
2217 2897 2329 2955 hoc
2361 2894 2612 2972 quidem

440 2989 707 3050 habuisse
732 2990 885 3062 satis,
914 2993 1019 3051 sed
1044 3001 1335 3070 postremo
1364 2990 1540 3050 etiam
1565 2990 1690 3069 ipso
1715 2989 1876 3050 facto
1899 2989 2286 3082 deprehensos
2317 2983 2498 3048 filisse
2535 2985 2613 3046 de

438 3080 777 3142 invadendis
820 3084 1066 3144 Athenis
1094 3083 1333 3144 consilia
1351 3082 1656 3162 agitantes.
1743 3083 1886 3142 Sese
1913 3094 2124 3143 autem
2133 3076 2296 3142 tanto
2330 3077 2613 3141 meliores

443 3163 721 3244 homines,
746 3187 925 3251 quam·
938 3175 1083 3246 illos,
1108 3175 1325 3245 fuisse3
1366 3175 1540 3254 quod,
1559 3193 1736 3255 quum
1752 3173 2078 3234 interficere
2097 3172 2370 3250 Pelasgos
2379 3169 2468 3230 fas
2489 3171 2613 3231 sibi

442 3257 665 3336 fnisset,⁸
708 3266 920 3346 quippe
946 3285 1089 3346 quos
1128 3266 1464 3326 insidiantes
1491 3266 1599 3326 sibi
1639 3259 2192 3362 deprehendissent,
2197 3263 2508 3324 nolins's'ent
2551 3263 2614 3321 id

442 3352 673 3426 facere3
712 3367 936 3416 tantum
960 3358 1273 3418 edixissent
1298 3359 1401 3430 εἰς,
1430 3369 1498 3417 ιιι
1527 3369 1678 3418 terra
1712 3348 2148 3448 egrederentur.
2177 3345 2430 3432 Atque
2451 3353 2613 3425 illos,

449 3439 677 3506 Attiea‘
660 3459 743 3508 ιιι
756 3451 1041 3528 egressos,
1067 3469 1243 3530 quum
1260 3449 1373 3509 alia
1387 3451 1537 3520 loca,
1557 3461 1682 3510 tum
1701 3464 1840 3508 vero
1855 3459 1918 3508 et
1931 3439 2218 3516 Lemnum
2235 3444 2614 3542 occupasse?

445 3535 609 3598 Ista
592 3541 765 3618 igitur
792 3543 1113 3604 Hecataeus
1140 3542 1381 3622 scripsit,
1407 3543 1538 3602 haec
1565 3561 1702 3601 vero
1729 3541 2116 3600 Athenienses
2139 3533 2476 3599 memorant.
2477 3571 2570 3588 --

444 3697 449 3700 ,
526 3635 658 3691 138.
700 3632 786 3690 Hi
810 3633 1001 3710 igitur
1016 3633 1268 3712 Pelasgi,
1295 3653 1478 3712 quum
1499 3633 1788 3694 Lemnum
1827 3625 2168 3702 incolerent,
2199 3629 2502 3720 cupientes
2513 3628 2604 3686 ul-

446 3719 583 3778 cisci
614 3724 1036 3797 Athenienses,
1069 3736 1133 3786 et
1169 3720 1323 3784 bene
1361 3724 1599 3803 cognita
1635 3723 1917 3782 habentes
1957 3720 2114 3781 festa
2149 3713 2604 3788 Atheniensium,

445 3809 655 3871 idoneo
693 3815 827 3875 loco
850 3816 1151 3876 collocatis
1180 3811 1620 3896 qninquaginta·
1596 3809 1906 3875 ·remorum
1945 3813 2184 3872 navibus
2207 3805 2434 3871 insidias
2454 3817 2608 3893 stru-

446 3919 586 3962 xere
612 3906 935 3968 mulieribus
963 3908 1189 3979 Attic'm,
1219 3908 1518 3970 Braurone
1535 3903 1748 3967 festum
1775 3905 1983 3966 Dinnae
2003 3903 2461 3964 celebrantibus:
2501 3919 2604 3960 ea-

442 4014 687 4073 rumque
706 4001 1047 4078 complures,
1066 4002 1133 4061 vi
1132 4011 1376 4082 raptas
1366 3993 1676 4060 Lemnum
1701 3993 1935 4068 duitere,
1959 4008 2020 4058 et
2043 3993 2316 4077 pellicum
2341 3996 2470 4056 loco
2496 3993 2601 4054 hn-

443 4090 645 4147 buere·
672 4091 821 4154 Quoe
834 4105 1137 4173 postquam
1153 4093 1363 4184 liberos
1379 4102 1742 4172 peperemnt,
1767 4091 2025 4150 Atticum
2049 4107 2368 4150 sermonem
2380 4105 2598 4146 mores-

444 4185 560 4257 'que
590 4179 813 4270 Atticos
840 4181 1093 4246 docuere
1110 4177 1367 4266 pueros.
1431 4183 1515 4243 Hi
1535 4202 1673 4244 vero
1695 4182 1906 4242 deinde
1934 4177 2048 4241 nec
2075 4177 2444 4240 ebnsneseere
2463 4173 2599 4237 cu'm

444 4262 633 4349 'pueris
672 4291 749 4332 ex
787 4267 1101 4356 Pelasgicis
1140 4273 1470 4341 mulieribus
1495 4276 1674 4344 natis
1683 4271 2012 4346 voluerunt,
2033 4286 2126 4347 et,
2117 4270 2364 4352 quoties
2403 4286 2602 4329 eorum

440 4353 644 4442 aliquis
670 4357 761 4426 ab
794 4364 921 4428 istis
960 4371 1309 4449 pulsabatur,
1348 4389 1549 4430 omnes
1573 4369 1708 4430 huic
1745 4361 2034 4448 suppetis-
2051 4359 2382 4462 veniebant,
2405 4372 2466 4421 st
2491 4356 2598 4422 ‘sibi
