2817 4792
499 276 614 337 130
1114 270 1565 335 HERODOTI
1610 272 1943 333 HISTOR.
1986 274 2069 332 ΙΙ.
2119 317 2133 321 -

494 409 614 459 tem
641 398 978 459 simillimam
1001 400 1146 461 huic
1167 402 1425 479 pelluvio:
1436 408 1563 463 'esse
1587 423 1603 463 ι
1645 404 1753 463 etsi
1780 402 1933 463 e'nim
1960 402 2111 481 prius
2128 401 2341 461 ‘fuisset
2374 402 2665 481 plebeius,

493 502 557 551 at
577 492 637 549 in
659 492 966 571 praesentia
991 511 1116 553 esse
1134 492 1360 570 illorum
1375 514 1591 573 regem,
1618 496 1809 574 itaque
1832 488 2055 553 illorum
2077 513 2205 576 esse
2230 492 2511 565 officium,
2532 512 2667 551 sese

490 582 782 644 honorare
807 583 1014 663 suique
1035 595 1365 663 respectum
1394 586 1667 646 habere.”
1748 585 1879 645 Tali
1914 584 2093 644 modo
2118 586 2429 664 AEg‘yptios
2454 604 2537 644 eo
2564 584 2670 643 ad·
2773 618 2774 657 4

498 674 683 747 dux-it,
710 685 782 737 ut.
795 675 880 735 illi
901 675 1096 735 serviri
1116 696 1343 753 oequum
1359 687 1682 736 censerent.
2252 670 2255 675 ¹
2772 662 2774 687 ¹

485 816 492 825 .
578 771 716 831 173.
756 767 924 827 Idem
952 767 1010 826 in
1039 767 1212 829 rebus
1239 768 1483 846 agendis
1506 769 1621 845 hoc
1650 787 1785 827 usus
1808 777 1898 827 est
1922 766 2219 827 instituto:
2256 767 2444 845 primo
2461 766 2669 843 mane,
2773 768 2774 831 J

497 878 682 939 nsque
721 859 797 919 ad
835 860 898 919 id
928 860 1155 939 tempus
1191 879 1316 937 quos
1347 860 1628 920 celebrari
1654 858 1843 919 forum
1862 859 2187 919 hominibus
2213 860 2381 929 solet,
2404 860 2670 918 studiose

497 952 816 1031 peragebat
855 950 1092 1029 negotia
1115 968 1496 1029 quaecumque
1520 950 1955 1011 obterebantur:
2002 951 2076 1009 ab
2104 948 2203 1007 illo
2231 970 2369 1009 vero
2396 960 2667 1027 tempore

499 1044 578 1105 ad
601 1042 914 1123 potandum
937 1052 998 1103 et
1023 1042 1101 1101 ad
1137 1041 1521 1101 cavillandum
1546 1061 1677 1101 cum
1716 1040 2139 1119 computoribus
2165 1060 2234 1099 se
2266 1041 2458 1109 dabat)
2486 1040 2669 1115 jocis-

493 1140 612 1214 que
653 1146 718 1195 et
740 1135 912 1193 rebus
936 1132 1172 1193 ludicris
1213 1132 1569 1211 indulgebat.
1650 1132 1875 1199 Quibus
1902 1134 2081 1193 rebus
2110 1132 2311 1193 offensi
2340 1133 2531 1209 antici,
2560 1132 2665 1191 ad·

500 1237 848 1287 monuerunt
867 1244 1018 1311 eum,
1039 1224 1338 1285 dicentesz
1383 1232 1423 1263 ‘⁴
1443 1225 1579 1283 Non
1606 1246 1643 1285 e
1668 1224 1948 1303 dignitate
1975 1236 2099 1297 tua,
2126 1222 2278 1296 Rex,
2300 1236 2361 1285 te
2386 1225 2508 1303 ipae
2538 1244 2665 1281 mo·-

381 1372 386 1379 .
490 1319 704 1389 dem,
689 1342 704 1357 ·
744 1329 810 1377 et
831 1316 1000 1377 nimis
1035 1327 1094 1377 te
1119 1316 1413 1377 humiliter
1452 1316 1727 1377 demittis.
1806 1316 2085 1379 Debebas
2122 1327 2205 1387 ιιι,
2234 1316 2575 1377 venerando
2604 1316 2665 1372 in

399 1432 406 1440 ’
497 1411 710 1471 throno
748 1408 1090 1471 venerabilis
1127 1409 1362 1485 sedens,
1401 1428 1505 1486 per
1544 1419 1731 1468 totum
1773 1408 1923 1467 diem
1950 1408 2429 1469 administrationi
2466 1426 2662 1466 rerum

496 1522 727 1563 vacare.
806 1501 898 1561 Ita
935 1499 1133 1561 scituri
1173 1510 1338 1561 erant
1377 1500 1657 1579 AEgyptii,
1692 1519 1729 1559 a
1766 1518 1981 1578 magno
2019 1499 2141 1561 viro
2176 1520 2239 1559 se
2290 1501 2439 1578 regi,
2479 1511 2663 1578 tuque

497 1594 702 1655 melius
727 1592 974 1653 audires.
1059 1592 1232 1651 Nunc
1260 1613 1392 1671 quoe
1420 1604 1483 1651 tu
1504 1592 1645 1669 agis,
1674 1590 1903 1651 minime
1932 1591 2147 1652 decent
2172 1598 2392 1669 rege'm.
2396 1592 2429 1615 ”
2511 1592 2659 1657 Qui·-

498 1688 610 1751 bus
633 1683 732 1745 ille
769 1684 858 1745 his
897 1684 1083 1747 verbis
1109 1684 1496 1763 respondit.‘
1500 1684 1655 1750 ‘Qui
1682 1703 1816 1743 arcu
1858 1694 2112 1754 utuntur,
2144 1682 2205 1741 hi
2244 1692 2397 1753 e'um,
2426 1682 2659 1763 quando

493 1779 612 1839 fert
650 1796 808 1851 utus,
845 1779 1124 1839 tendunt.
1164 1788 1474 1857 postquam
1516 1778 1603 1837 usi
1642 1789 1797 1867 sunt,
1836 1776 2147 1837 remittunt.
2230 1776 2292 1835 Si
2332 1778 2487 1837 enim
2522 1796 2655 1855 per-

491 1882 672 1951 petuo
699 1870 956 1931 intentus
992 1880 1168 1939 esset,
1195 1878 1601 1947 rumperetur3
1644 1880 1707 1927 ιιι
1725 1867 1847 1943 illo,
1877 1867 1975 1925 ubi
2002 1886 2148 1947 opus
2184 1867 2357 1940 foret,
2392 1888 2511 1932 non
2536 1888 2657 1933 am

493 1964 646 2042 plius
679 1972 917 2041 possent
953 1961 1058 2021 uti.
1109 1960 1368 2019 Eadem
1407 1978 1615 2050 nempe
1642 1970 1731 2019 est
1765 1958 2008 2021 hominis
2050 1959 2347 2021 conditio..
2405 1960 2577 2027 Quod
2604 1960 2653 2017 si

495 2056 623 2133 quis
649 2072 880 2132 semper
905 2051 1082 2111 vellet
1107 2049 1267 2112 seriis
1293 2051 1465 2110 rebus
1492 2070 1621 2111 esse
1649 2050 1923 2121 intentus,
1952 2070 2065 2110 nec
2091 2050 2337 2111 vicissim
2356 2051 2478 2112 ad
2454 2072 2655 2129 jocum

482 2166 562 2213 se
589 2142 924 2213 remittere·
961 2142 1312 2223 imprudenti
1325 2142 1474 2203 huic
1515 2142 1833 2219 accideret,
1866 2152 1931 2201 ut
1963 2142 2055 2201 vel
2095 2142 2344 2203 furiosus
2369 2144 2537 2203 fieret
2562 2146 2655 2203 vel

494 2236 799 2316 ptupidus.
859 2236 1001 2315 Hoc
1029 2253 1142 2313 ego
1184 2233 1531 2313 intelligens,
1558 2234 1785 2316 utrique
1824 2232 1907 2295 rei
1947 2252 2107 2295 suam
2145 2245 2370 2314 partem
2414 2236 2660 2303 tribuo-’³

496 2328 638 2387 Hoc
658 2328 758 2387 ille
783 2327 980 2389 amicis
1007 2347 1346 2409 responsum
1368 2327 1546 2388 dedit.
1968 2382 1977 2397 ,

577 2425 712 2486 174-
753 2422 936 2481 Aiunt
963 2433 1162 2482 autem
1189 2422 1457 2482 eumdem
1486 2423 1741 2495 Amasin,
1761 2442 1937 2503 quum
1954 2424 2211 2505 privatus
2236 2423 2460 2496 fuisset,
2482 2424 2655 2485 etiam

495 2526 636 2574 tunc
671 2514 1128 2593 compotationes
1174 2514 1677 2594 cavillationesque
1708 2532 1953 2588 amasse,
1978 2536 2091 2575 nec
2137 2516 2267 2575 ullo
2296 2517 2485 2576 modo
2496 2517 2654 2576 seriis

499 2610 672 2667 rebus
713 2606 893 2667 fuisse
935 2606 1254 2666 intentum·
1239 2648 1256 2677 ‚
1293 2618 1372 2679 et,
1392 2608 1644 2693 ‘quando
1692 2612 1989 2686 potantem
2028 2608 2535 2687 voluptatibusque
2576 2610 2661 2668 in-

499 2702 838 2780 dulgentem
876 2696 1226 2760 defecissent
1261 2698 1603 2769 necessaria,
1645 2698 2029 2769 circumivisse
2068 2710 2129 2757 et
2167 2699 2321 2759 furto
2360 2700 2662 2761 abstulisse

495 2796 702 2857 aliena.
783 2793 920 2852 Jam
942 2790 1038 2871 qui
1064 2790 1446 2850 adfirmabant
1468 2792 1685 2851 habere
1710 2811 1846 2851 eum
1874 2812 2034 2853 suam
2060 2793 2387 2871 pecuniam,
2414 2794 2479 2851 hi
2504 2814 2656 2865 eum,

497 2906 672 2969 quum
708 2893 970 2963 negaret,
999 2882 1076 2943 ad
1113 2882 1409 2942 oraculum
1448 2882 1741 2950 ducebant
1760 2890 1877 2962 qu'o
1913 2885 2124 2963 quique
2156 2886 2502 2945 utebantur:
2544 2899 2605 2946 et
2624 2888 2659 2947 a'

497 2978 688 3039 multis
729 2976 938 3057 passim
983 2974 1225 3035 oraculis
1273 2974 1411 3033 furti
1454 2975 1924 3046 convincebatur,
1964 2977 2037 3035 ab
2076 2976 2200 3036 aliis
2240 2978 2659 3039 absolvebatur.

501 3068 811 3151 Postquam
851 3080 1044 3129 autem
1072 3088 1254 3147 regno
1298 3067 1531 3146 potitus.
1547 3079 1656 3138 est,
1696 3067 2010 3137 hocfecitr
2044 3068 2391 3149 quicumque
2418 3071 2500 3129 dii
2526 3092 2661 3131 eum

499 3165 640 3223 furti
666 3162 900 3222 crimine
945 3161 1330 3229 absolverant,
1350 3158 1569 3219 horum
1608 3158 1825 3238 templa
1860 3160 2212 3237 negligebat,
2240 3180 2433 3239 neque
2460 3164 2539 3222 ad
2564 3164 2661 3223 illa

411 3240 418 3247 ’
499 3253 816 3318 reficienda
835 3250 1386 3329 quidquamdabat,
1414 3270 1607 3329 neque
1646 3269 1813 3310 sacra
1848 3250 1960 3309 illis
1998 3252 2105 3310 diis
2128 3252 2421 3326 faciebat,
2460 3266 2529 3315 ut
2568 3256 2663 3335 qui

504 3344 716 3405 nullius
755 3353 948 3403 essent
975 3341 1270 3411 momenti,
1293 3356 1420 3401 nec
1460 3341 1691 3403 veracia
1728 3342 2015 3401 haberent
2050 3344 2297 3419 oracula.
2378 3346 2495 3411 Qui
2529 3366 2663 3409 vero

506 3436 644 3496 furti
685 3454 818 3493 eum
847 3444 1171 3511 arguerant,
1195 3434 1400 3492 horum
1440 3434 1789 3513 praecipuam
1819 3453 2017 3493 curam
2039 3438 2269 3513 agebat,
2297 3439 2365 3497 'ut
2403 3440 2504 3519 qui
2530 3458 2667 3501 vere

511 3527 592 3589 dii
611 3536 824 3594 essent,
855 3535 917 3584 et
943 3524 1172 3584 oracula
1195 3545 1310 3583 non
1339 3526 1640 3585 mendacia
1666 3525 2032 3587 exhiberent*
2126 3582 2135 3607 ‚

596 3624 731 3685 175.
775 3617 854 3675 Ει
878 3616 1062 3695 primo
1087 3616 1357 3694 quidem
1347 3636 1408 3675 ιιι
1441 3616 1539 3675 Sei
1566 3618 1705 3677 urbe
1731 3618 1809 3677 ad
1836 3617 2121 3683 Minervae
2147 3622 2427 3701 templum
2455 3644 2665 3705 propy-

511 3714 624 3771 laea
651 3707 942 3769 exstruxit
973 3706 1270 3776 mirabilia,
1299 3706 1622 3786 superiores
1649 3728 1867 3781 omnes,
1894 3711 2017 3789 [qui
2040 3711 2181 3771 talia
2216 3718 2667 3793 exsti-ugernum]

513 3804 820 3865 altitudine
855 3818 1152 3878 superans,
1195 3810 1256 3857 et
1285 3800 1681 3879 amplitudine,
1722 3813 1781 3861 et
1807 3803 2061 3882 ipsorum
2100 3804 2353 3884 lapidum
2392 3818 2521 3867 tum
2548 3830 2666 3869 ma-

513 3896 811 3975 gnitudine
839 3904 960 3951 tum
989 3890 1281 3969 qualitate.
1363 3891 1594 3951 Statuas
1612 3891 1756 3951 item'
1784 3913 2023 3973 magnas
2048 3906 2109 3955 et
2141 3897 2361 3975 ingenti
2388 3900 2545 3959 mole
2569 3921 2671 3963 an·

513 3986 886 4065 drosphinges
932 3982 1242 4055 dedicavit,
1282 3981 1619 4069 lapidesque
1665 3985 1805 4044 alios
1841 3986 2113 4047 immanis·
2146 3988 2561 4067 magnitudinis
2592 3992 2665 4052 ad

513 4076 830 4141 reficienda
861 4072 1102 4134 aedificia
1135 4072 1497 4153 adgereudos
1539 4076 1781 4136 curavit.
1862 4078 2095 4153 Horum
2116 4078 2210 4141 alii
2236 4100 2315 4155 en
2340 4081 2665 4161 lapicidinae

517 4192 652 4253 quoe
677 4170 960 4229 adversus
975 4166 1277 4245 Memphin
1295 4177 1402 4238 est,
1432 4167 1861 4244 adgerebantur
1877 4194 1894 4228 :
1920 4170 1962 4227 ii
1980 4190 2121 4231 vero
2134 4172 2235 4251 qui
2251 4173 2487 4233 immani
2512 4188 2673 4237 erant

517 4261 933 4343 magnitudine,
969 4278 1044 4319 ex
1075 4258 1465 4337 Elephantine
1505 4260 1669 4332 urbe,
1694 4262 1825 4339 quie
1850 4261 2071 4321 dierum
2112 4284 2229 4323 non
2254 4264 2443 4327 minus
2468 4268 2667 4347 viginti

520 4353 883 4436 navigatione
925 4352 1094 4415 abest
1129 4369 1167 4413 a
1207 4348 1326 4411 Sai.
1405 4350 1587 4419 Quod
1624 4370 1762 4414 vero
1800 4372 1881 4414 ex
1923 4352 2011 4415 his
2026 4382 2035 4395 =
2049 4374 2169 4418 non
2190 4356 2437 4423 minime
2479 4360 2673 4435 miror,
