2817 4792
476 323 598 384 220
1039 304 1492 381 Hnnono'l‘l
1535 309 1878 380 msron.
1927 320 2028 380 ιν.

2605 387 2628 418 0

474 451 697 512 instare
720 449 807 511 ei·
834 435 1051 534 nasus
1075 469 1193 510 non
1216 447 1641 519 intermitteret,
1673 447 1931 528 scythae,
1959 433 2025 507 ιιι
2039 447 2225 508 -ιιιιιεο
2251 441 2622 529 decimant,

473 543 541 602 >in
576 543 805 602 iliorum
822 545 1035 623 ‘regum
1072 542 1349 602 ditionem
1376 559 1442 600 se
1465 545 1843 618 receperunt,
1874 540 1974 618 qui
1999 539 2292 602 armorum
2317 545 2622 605 societatem

474 633 591 694 iliis
630 645 1019 714 negaverant:
1060 645 1122 695 et
1159 634 1408 714 primum
1443 631 1681 712 quidem
1720 632 1782 690 in
1821 632 2382 695 Mehnchlaenorum
2419 645 2625 696 terram.

474 729 640 794 Quos
666 745 842 808 quum
868 726 1120 788 tmnultu
1146 727 1470 806 replessent
1495 734 1556 784 et
1585 724 1823 804 Scytbe
1851 732 1912 785 et
1939 724 2166 803 Penoe,
2183 735 2400 788 terram
2423 729 2622 808 iliorum

473 819 761 899 ingressi3
798 836 936 880 mox
966 820 1040 879 in
1086 817 1618 897 Androphagorum
1656 817 1956 921 regionem
1999 817 2236 897 Scythae
2261 818 2376 880 illis
2411 819 2627 899 praeive-

475 926 646 973 runt.
686 924 750 973 et
787 913 993 972 horum
1020 929 1250 991 quoque
1290 911 1466 969 rebus
1505 908 1870 987 perturbatis,
1898 909 1957 967 in
1983 907 2307 970 Neuridem
2347 923 2546 971 terram
2571 923 2625 972 se

472 1005 864 1086 receperunt.
901 1002 1171 1084 denique,
1210 997 1301 1061 his
1324 999 1642 1070 concussis,
1684 1000 2050 1080 Agathyrsos
2076 1001 2320 1082 Scythae
2355 1001 2626 1063 subterfu-

472 1099 702 1179 'gientes
724 1095 1001 1178 petivere.
1084 1093 1423 1174 Agathyrsi,
1452 1092 1722 1152 finitimos
1757 1092 1966 1171 fugere
1994 1092 2256 1154 videntes
2285 1104 2350 1154 et
2391 1095 2628 1174 ειῖικεῖτο-

472 1195 570 1251 t'os
610 1205 648 1249 a
676 1189 930 1269 Scythis,
974 1198 1247 1270 praecone
1286 1185 1481 1256 misso,
1523 1185 1856 1264 priusquam
1901 1205 2065 1246 suam
2105 1161 2384 1246 ditionem
2417 1187 2627 1268 Scythae

475 1281 837 1353 invaderent,
888 1279 1191 1340 edixerunt
1232 1275 1364 1347 illis,
1410 1277 1564 1336 intra
1601 1275 1750 1337 fines
1793 1295 1928 1337 suos
1969 1297 2047 1337 ne
2084 1278 2298 1386 pedem
2333 1291 2630 1358 ponerent:

472 1371 1001 1456 praedixeruntque,
1028 1371 1077 1431 si
1102 1370 1375 1431 invadere
1393 1379 1762 1442 conarentur,
1795 1387 1994 1432 secum
2019 1370 2181 1450 prius
2206 1370 2336 1432 fore
2354 1371 2523 1432 armis
2547 1371 2632 1432 de'-

470 1466 843 1528 'cei-tandum.
924 1464 1038 1524 His
1083 1481 1191 1543 per
1232 1478 1563 1542 praeconem
1581 1461 1913 1541 predictis,
1949 1463 2027 1521 sd
2071 1462 2220 1522 fines
2257 1478 2382 1522 suae
2423 1461 2630 1523 ditionis

435 1602 453 1609 -
474 1559 697 1642 'praesto
719 1558 976 1629 fuerunt,
1015 1555 1396 1617 constitutum
1433 1553 1718 1614 habentes
1743 1553 2048 1633 prohibere
2083 1554 2444 1615 invadentes.
2523 1555 2636 1614 Me-

476 1651 782 1714 lanchlaeni
806 1669 947 1710 vero
985 1658 1047 1709 et
1092 1646 1467 1726 Androphagi
1491 1656 1556 1705 et
1591 1645 1798 1716 Neuri,
1829 1645 2023 1706 Persis
2049 1643 2218 1706 simul
2259 1663 2392 1705 cum
2409 1647 2633 1726 Scythis

472 1741 943 1825 irrumpentibus,
982 1761 1059 1802 ne
1105 1741 1339 1801 fortuna
1378 1739 1615 1818 quidem
1655 1755 1945 1798 armorum
1983 1747 2225 1810 tentata,
2268 1738 2436 1798 obliti
2473 1740 2634 1798 mina·

474 1857 624 1911 rum,
654 1837 929 1899 continuo
964 1833 1250 1894 ulterius‘
1229 1853 1289 1891 ιιι
1337 1833 1631 1891 desertum
1668 1831 1854 1890 territi
1881 1831 2212 1910 turbatique
2253 1829 2634 1910 profugerant.

478 1931 719 2012 Scythae
738 1949 899 2000 vero,
921 1927 995 1987 ab
1022 1925 1365 2005 Agathyrsis
1385 1922 1676 2003 prohibiti,
1703 1924 1909 1983 horum
1935 1921 2211 1983 ditionem
2229 1929 2351 2000 jam
2379 1941 2497 1982 non
2520 1933 2638 1984 sunt

474 2023 738 2104 ingressi,
767 2020 874 2080 sed
900 2037 979 2079 ex
1006 2009 1267 2077 Neuride
1290 2015 1488 2076 terra
1471 2033 1531 2073 ιιι
1557 2032 1720 2074 suam
1743 2013 1940 2075 Persis
1966 2014 2332 2094 praeiverunt.
2545 2049 2552 2052 -

561 2117 697 2194 126.
738 2113 834 2172 Ita
860 2129 1039 2190 quum
1065 2119 1295 2188 tempus
1312 2108 1736 2178 extraheretur,
1762 2125 1958 2186 neque
1971 2106 2114 2166 finis
2141 2108 2294 2168 ullus
2328 2110 2638 2188 adpareret,

475 2187 712 2277 Darius,
754 2203 929 2263 misso
970 2202 1046 2261 ad
1080 2200 1490 2279 Idanthyrsum
1528 2199 1875 2278 Scytharum
1919 2217 2121 2278 regem
2161 2200 2402 2278 equite,-
2423 2201 2552 2258 hoec
2583 2197 2638 2256 ei

478 2291 701 2360 dixitt‘
706 2292 913 2356 ‘Male
931 2293 1138 2354 fei-iate
1155 2291 1351 2362 homo,
1369 2307 1478 2350 cur
1495 2291 1650 2369 fugis
1666 2309 1915 2370 semper,
1939 2309 2075 2350 cum
2087 2291 2200 2351 tibi
2217 2293 2392 2352 liceat
2413 2292 2640 2351 duorum

476 2401 669 2452 utrum
720 2385 957 2448 libuerit
1004 2385 1205 2446 facere
1225 2383 1257 2441 Ρ
1336 2382 1517 2450 Quod
1563 2383 1626 2442 si
1651 2384 1805 2467 enim
1843 2382 1984 2444 satis
2023 2382 2227 2443 virium
2275 2385 2382 2446 tibi
2441 2383 2638 2444 videris

346 2499 351 2508 ’
456 2485 691 2546 'babere
722 2482 796 2542 ad
822 2478 1203 2541 resistendum
1228 2477 1373 2537 meis
1398 2477 1594 2548 rebus,
1619 2476 1755 2536 siste
1785 2476 2047 2556 gradum,
2075 2485 2138 2536 et
2161 2475 2433 2538 desinens
2461 2473 2644 2554 vagari

472 2595 732 2683 pugnam
768 2571 1082 2634 committe.
1169 2569 1271 2630 Sin
1316 2567 1424 2628 tibi
1469 2568 1744 2628 conscius
1780 2585 1845 2628 es
1891 2584 2019 2628 esse
2061 2567 2319 2640 inferior,
2359 2569 2534 2630 etiam
2567 2567 2642 2626 sic

362 2665 400 2730 .’
474 2669 671 2749 vag-ari
696 2659 933 2736 desine3
977 2674 1037 2726 et
1068 2662 1301 2723 domino
1327 2669 1434 2720 tuo
1460 2658 1614 2719 dona
1637 2659 1834 2720 ferens
1859 2670 2073 2720 terram
2101 2671 2162 2719 et
2189 2679 2425 2780 aquam,
2451 2661 2512 2719 in
2536 2657 2646 2718 col-

478 2755 1001 2918 loqugssmxznkaec
1031 2845 1384 2926 Scytharum
1411 2861 1515 2902 rex
1554 2843 1937 2923 ldanthyrsus
1961 2843 2094 2904 haec
2119 2843 2459 2922 respondit.
2500 2849 2540 2878 “
2561 2842 2651 2902 Ita

478 2945 617 3008 mihi
657 2965 751 3006 res
795 2943 994 3013 habet,
1035 2939 1254 2998 Persa.
1298 2936 1566 3015 equidem
1609 2935 1833 2993 nullum
1873 2953 2147 3013 umquam
2180 2934 2482 2995 hommem
2531 2949 2648 2992 me-

477 3053 649 3103 tuens
679 3037 843 3116 fugi,
852 3053 967 3096 nec
994 3042 1131 3093 ante
1152 3031 1269 3089 hoc
1292 3039 1544 3107 tempus,
1571 3047 1685 3086 nec
1713 3044 1869 3087 nunc
1895 3038 1958 3087 te
1997 3027 2177 3106 fugio.
2259 3027 2472 3106 Neque
2497 3043 2648 3084 nunc
2775 3043 2777 3048 ·

480 3151 691 3195 novum
708 3128 1000 3210 quidpiam
1024 3122 1201 3194 facio,
1229 3131 1332 3180 aut
1349 3119 1532 3196 aliud,
1556 3137 1730 3197 quam
1755 3117 1948 3198 quod
1929 3137 1989 3177 ιιι
2010 3129 2159 3198 pac'e
2177 3117 2378 3178 facere
2401 3115 2650 3177 adsuevi.

482 3219 643 3292 Quid
678 3222 755 3280 sit
795 3218 934 3278 vero
970 3211 1131 3295 quod
1174 3231 1295 3272 non
1334 3211 1608 3271 continuo
1649 3220 1906 3290 pugnam
1943 3221 2140 3270 tecum
2181 3210 2568 3281 committam,
2596 3209 2652 3267 id
2775 3263 2778 3274 ,

484 3333 717 3398 quoque
756 3309 862 3371 tibi
902 3307 1232 3369 declarabo.
1312 3290 1448 3363 Nec
1489 3303 1703 3383 oppida
1739 3311 1881 3361 sunt
1911 3301 2098 3374 nobiS,
2145 3319 2259 3362 nec
2285 3298 2462 3361 culte
2497 3313 2648 3371 arva,
2775 3367 2777 3376 2

484 3407 692 3500 quibus
718 3411 1043 3464 metuentes
1070 3417 1145 3458 ne
1181 3395 1483 3476 capiantur
1508 3403 1610 3455 ‘aut
1633 3405 1952 3466 vastentur,
1990 3407 2368 3474 properemus
2405 3409 2651 3472 pugnam

482 3495 779 3562 vobiscum
808 3508 1135 3556 conserere.
1219 3485 1323 3550 Sin
1338 3487 1502 3567 cupis
1531 3487 1947 3567 quamprimum
1975 3505 2048 3547 eo
2073 3485 2305 3558 venire3
2332 3497 2467 3546 sunt
2492 3486 2652 3545 nobis
2776 3491 2777 3504 ¹

486 3591 673 3680 patria
688 3585 1004 3667 sepulcra.
1044 3581 1220 3662 agite,
1238 3581 1372 3639 brec
1394 3581 1689 3658 indagate,
1712 3590 1772 3638 et
1791 3588 2022 3659 reperta
2051 3579 2375 3648 disturbare
2403 3587 2654 3646 tentate;

488 3697 631 3746 tunc
660 3675 1046 3760 cognoscetis,
1072 3679 1267 3733 utrum
1291 3692 1397 3753 pro
1413 3669 1704 3751 sepulcris
1717 3670 2033 3768 pugnaturi
2053 3672 2228 3732 simus
2245 3671 2560 3743 vobiscum,
2589 3665 2656 3731 an

487 3793 606 3836 non
627 3768 959 3854 pugnaturi.
996 3766 1167 3826 Prius
1192 3784 1349 3838 vero,
1365 3769 1544 3843 quam
1558 3763 1723 3823 nobis
1739 3763 1886 3822 ratio
1905 3757 2170 3842 suaserit,
2189 3769 2446 3842 pugnam
2468 3773 2654 3830 tecum
2735 3821 2744 3826 „

488 3885 609 3929 non
637 3877 1022 3925 conseremus.
1102 3857 1186 3917 Et
1202 3857 1336 3917 haec
1362 3855 1614 3936 quidem
1609 3857 1692 3915 de
1713 3857 1910 3935 pugna
1923 3855 2079 3915 dicta
2101 3859 2296 3916 sunto.
2383 3855 2654 3914 Dominus

491 3969 685 4021 autem
704 3974 864 4016 meos
880 3953 1032 4014 solos
1051 3951 1205 4010 duco
1222 3968 1348 4010 esse
1374 3949 1418 4009 J
1420 3961 1610 4018 ovem
1627 3965 1820 4007 meum
1843 3947 2289 4034 progenitorem,
2302 3957 2370 4006 et
2397 3946 2653 4018 Vestam,

494 4049 845 4132 Scytharum
866 4045 1142 4124 reginam.
1224 4038 1356 4101 Tibi
1382 4041 1599 4112 autem,
1617 4039 1750 4101 loco
1777 4052 1948 4100 terrae
1966 4051 2034 4100 et
2057 4047 2228 4119 aquae
2253 4057 2386 4117 quoe
2411 4047 2479 4097 tu
2506 4039 2655 4100 dona

490 4142 765 4226 postulas,
790 4157 862 4198 ea
888 4133 1041 4196 dona
1066 4135 1287 4194 mittam
1309 4153 1440 4212 quae
1459 4131 1534 4192 ad
1552 4139 1614 4191 te
1631 4132 1782 4191 mitti
1809 4132 2000 4192 de‘cet.
2080 4131 2200 4190 Pro
2221 4147 2295 4190 eo·
2316 4145 2478 4200 vero,
2507 4130 2656 4209 quod

494 4234 787 4297 dominum
802 4240 863 4289 te
892 4247 1080 4288 meum
1100 4245 1231 4286 esse
1252 4222 1470 4295 dixisti,
1495 4225 1557 4281 in
1575 4222 1782 4283 malam
1806 4243 1930 4284 rem
1949 4229 2010 4283 te
2028 4223 2212 4301 jubeo
2237 4220 2456 4282 abire?
2495 4223 2656 4301 (Hoc

494 4338 602 4400 est,
627 4324 786 4405 quod
798 4322 981 4400 ‘vulgo
1007 4320 1229 4390 dicunt,
1260 4314 1568 4394 Scythicum
1593 4315 1918 4444 dictumst..
1931 4314 2094 4375 Istud
2121 4314 2302 4394 igitur
2321 4317 2656 4442 responsum

494 4439 689 4499 praeco
718 4416 794 4477 ad
828 4413 1083 4475 Darium
1100 4409 2248 4472 retulit..
2633 4453 2642 4464 .
