2817 4792
425 327 563 406 25⁸„
1028 287 1478 390 nnnobo‘m
1522 325 1860 390 ms‘roa.
1905 327 1977 386 v.

427 453 603 516 Hanc
642 456 915 518 visionem
962 459 1079 531 ille,
1109 460 1452 539 simulatque
1475 459 1706 530 illuxit,
1723 458 2044 539 'pdamrad
2067 457 2416 530 somniorum
2457 467 2626 523 edu*

416 546 671 622 jectores
698 551 929 610 retulit·
934 551 1172 614 deinde
1186 573 1343 623 vero,
1366 553 1544 614 sacris
1556 551 1974 615 averruncandi
1997 571 2200 612 caussa
2217 551 2409 621 factis,
2432 568 2612 629 pom-e

422 657 557 716 pam
582 640 738 702 illam
764 644 989 715 duxit,
975 665 1032 704 m
1068 665 1185 724 qua
1210 645 1552 706 interfectus
1575 653 1684 706 est.

446 733 603 796 .57.
645 734 980 816 Gephyraei,
1008 755 1247 816 quorum
1278 738 1353 796 de
1387 756 1608 816 genere
1647 745 1812 798 erant
1851 693 2172 816 Hipparchi
2201 751 2606 816 percussores,

422 821 728 904 principio,
759 838 823 887 ut
868 829 977 908 ipsi
1017 829 1196 899 aiunt,
1240 849 1318 890 ex
1375 829 1604 890 Eretria
1635 828 1874 890 fuerunt
1919 829 2182 896 oriundi;
2224 837 2312 888 ut
2316 846 2456 886 vero
2481 845 2610 902 ego

423 935 547 976 tem
572 931 946 996 percontatus
974 923 1217 1000 reperio,
1250 921 1559 982 Phoenices
1576 921 1813 982 fuerunt
1825 941 1900 982 ex
1914 921 2140 984 illorum
2163 937 2404 981 numere
2425 917 2608 976 Phoe⁴

422 1009 641 1081 uicum,
672 1013 767 1091 qui
791 1033 925 1072 >cum
954 1015 1178 1074 Cadmo
1204 1016 1263 1073 in
1302 1016 1454 1077 hanc
1479 1015 1796 1093 regionem,
1827 1035 1964 1094 quae.
1983 1034 2141 1076 nunc
2167 1013 2398 1072 Boeotia
2423 1028 2604 1072 voca-

422 1113 540 1180 tur,
576 1117 889 1176 venerant3
932 1118 993 1166 et
1030 1107 1716 1185 Tanagricum·eJusdem
1745 1107 1996 1185 regionis
2021 1114 2285 1174 tractum,
2315 1115 2474 1164 sorte
2499 1121 2608 1160 ac·

422 1201 677 1276 ceptum,
712 1198 1129 1260 habitaverunt.
1208 1200 1359 1262 Inde
1404 1211 1715 1279 postquam
1757 1200 1999 1260 Cadmei
2019 1234 2026 1245 ·
2047 1199 2202 1278 prius
2245 1199 2324 1256 ab
2363 1195 2608 1274 Argivis

420 1289 665 1350 fuissent
684 1291 861 1369 pulsi,
890 1293 1105 1352 deinde
1133 1293 1448 1374 Gephyraei
1475 1293 1536 1352 hi
1565 1313 1600 1352 a
1619 1293 1840 1352 Boeotis
1862 1292 2054 1368 ejecti,
2085 1292 2346 1352 Athenas
2372 1309 2438 1348 se
2465 1304 2606 1348 con-

423 1391 737 1444 verterunt.
776 1384 862 1444 Et
887 1385 1015 1445 illos
1040 1397 1389 1466 receperunt
1425 1385 1811 1446 Athenienses
1837 1385 1956 1451 hac
1975 1383 2328 1453 conditione,
2353 1392 2420 1444 ut
2448 1381 2608 1447 cives

424 1484 618 1538 essent
640 1475 1047 1548 Athenienses,
1060 1489 1122 1537 at
1140 1478 1532 1556 compluribus
1553 1487 1748 1538 tamen
1771 1475 2054 1539 nonnullis
2063 1475 2309 1552 juribus,
2325 1489 2444 1532 nec
2459 1491 2604 1532 vem

423 1564 613 1644 dignis
632 1586 761 1646 quae
789 1567 885 1630 hic
913 1578 1452 1639 commemorentur,
1483 1580 1683 1630 essent
1699 1567 1934 1628 exclusi.
2483 1609 2498 1632 ‚-

436 1661 601 1720 ..58
642 1658 953 1720 Phoenices
972 1672 1165 1722 autem
1190 1661 1270 1731 hi,
1298 1661 1395 1740 qui
1423 1681 1556 1722 cum
1587 1643 1809 1730 Cadmo
1839 1660 2214 1728 advenerant,
2247 1623 2491 1736 quorum
2521 1657 2604 1716 de

388 1747 393 1753 ’
421 1769 663 1814 numero
692 1738 925 1833 fuerunt
952 1753 1290 1834 Gephyroei,
1310 1773 1490 1832 quum
1511 1753 1650 1812 alias
1676 1772 1770 1812 res
1799 1752 2005 1812 multas
2030 1750 2103 1810 ad
2129 1750 2447 1810 doctrinam
2467 1768 2603 1827 spe-

419 1852 651 1922 ctantes
697 1826 1028 1906 adtulerunt
1070 1845 1444 1917 Hellenibus,
1490 1855 1613 1904 tum
1662 1847 1848 1906 literas
1867 1869 1890 1914 ,-
1937 1863 2178 1922 quatum
2225 1861 2360 1913 usus
2405 1840 2602 1900 nullus

421 1946 613 2009 antea,
642 1947 707 1996 ut
734 1931 871 1998 mihi
898 1938 1145 2009 videtur,
1178 1940 1336 2018 apud
1364 1929 1648 1998 Hellenas
1673 1938 1886 2006 fuerat.
1967 1939 2058 1998 Ac
2084 1936 2332 2015 primum
2359 1929 2600 2014 quidem

419 2027 581 2091 tales-
607 2028 955 2104 adtulerunt,
997 2031 1261 2109 qualibus
1314 2039 1514 2092 omnes
1559 2039 1803 2088 utuntur
1829 2028 2194 2096 Phoenices:
2247 2026 2602 2107 procedente

420 2140 557 2180 vero
585 2131 867 2201 tempore,
890 2123 1058 2184 simul
1099 2142 1231 2183 cum
1278 2141 1562 2192 sermone,
1589 2123 1884 2182 literarum
1915 2121 2098 2191 etiam
2135 2121 2350 2188 ductus
2373 2121 2600 2178 -immu-

338 2297 348 2303 ἱ
422 2223 635 2276 tar-unt.
718 2216 1007 2296 Pleraque
1035 2237 1137 2296 per
1162 2216 1221 2274 id
1259 2227 1487 2295 tempus
1513 2215 1646 2274 loca
1673 2216 1889 2275 circum
1930 2213 2057 2274 illos
2081 2214 2421 2280 habitabant
2451 2213 2606 2280 Hel-

420 2305 584 2367 lenes
624 2307 836 2384 Iones:
876 2309 977 2386 qui
1016 2308 1211 2368 literas
1254 2307 1451 2367 edocti
1491 2324 1528 2366 a
1569 2305 1954 2376 Phoenicibus,
1978 2299 2067 2362 usi
2107 2315 2248 2374 sunt,
2279 2303 2384 2374 eis,
2403 2303 2602 2372 *forma

420 2399 716 2485 paululum
758 2411 1011 2478 mutata3
1067 2419 1103 2460 a
1128 2420 1373 2478 quorum
1404 2420 1514 2461 usu
1550 2416 1676 2460 mos
1711 2397 1972 2468 invaluit,
1999 2407 2084 2468 ut,
2109 2395 2600 2474 quemadmodum

424 2491 666 2570 oequitas
694 2493 865 2552 etiam
892 2493 1237 2574 postulabat,
1268 2493 1534 2571 quoniam
1584 2510 1624 2550 a
1671 2489 2046 2550 Phoenicibus
2089 2488 2146 2546 in
2191 2487 2488 2560 Graeciam
2512 2488 2600 2544 in-

424 2582 711 2644 troductae
737 2596 891 2661 sunt,
922 2585 1205 2651 Plaoenieiae
1228 2585 1401 2644 literae
1442 2583 1896 2658 nominarentur..
1971 2583 2174 2658 Atque
2203 2581 2378 2656 byblos
2419 2579 2596 2650 etiam

424 2674 509 2756 (id
538 2685 646 2748 est,
665 2677 829 2736 libros
842 2677 1198 2754 papyraceus)
1228 2677 1540 2756 antiquitus
1568 2675 1872 2751 diphtheras
1901 2671 2274 2753 (membranas)
2303 2673 2480 2732 Iones
2497 2691 2603 2731 vo-

424 2780 579 2839 cant,
611 2769 875 2850 quoniam
917 2769 978 2828 in
1004 2771 1205 2850 papyri
1246 2770 1441 2848 inopia
1475 2767 1819 2829 membranis
1849 2769 1925 2846 (s,
1948 2766 2216 2846 pellibus)
2245 2767 2496 2845 caprinis
2533 2778 2600 2826 et

423 2862 607 2922 ovillis
634 2863 964 2924 utebantur.
1045 2864 1237 2942 Atque
1266 2862 1439 2922 etiam
1465 2881 1620 2921 nunc
1645 2879 1777 2921 mea
1812 2871 1990 2920 aetate
2017 2859 2182 2918 multi
2220 2847 2596 2918 barbarorum

422 2954 677 3016 talibus
662 2975 721 3014 ιιι
737 2955 990 3035 pellibus
1016 2955 1294 3016 scribunt.
2138 2993 2148 3011 f

422 3087 435 3100 .-
502 3051 603 3108 59.
624 3047 784 3106 ·Vidi
822 3067 957 3109 vero
1012 3047 1187 3116 etiam
1224 3048 1350 3126 ipse
1398 3048 1628 3106 literas
1647 3045 1906 3104 Cadmeas
1951 3045 2011 3104 in
2055 3019 2274 3123 templo
2317 2991 2600 3124 Apollinis

421 3137 659 3199 Ismenii
686 3138 903 3198 Thebis
931 3140 1191 3210 Boeotiae,
1220 3138 1542 3219 tripodibus
1581 3136 1868 3198 nonnullis
1907 3136 2243 3220 insculptas,
2287 3137 2602 3202 maximam

422 3241 644 3307 partem
672 3228 885 3292 similes
910 3232 1117 3292 Ionicis
1143 3231 1337 3291 litem.
1423 3231 1592 3292 Unus
1631 3249 1704 3292 ex
1739 3229 1850 3288 illis
1892 3228 2211 3308 tripodibus
2235 3229 2392 3288 hanc
2411 3229 2598 3290 habet

422 3321 885 3402 inscriptionem.
1146 3353 1155 3360 ·
1851 3357 1858 3362 ·

934 3428 1161 3478 Dedicavi
1166 3437 1184 3478 t
1205 3446 1279 3478 me
1304 3430 1471 3496 Amphi
1459 3438 1644 3496 Muyon
1648 3428 1836 3476 rediens
1859 3444 1920 3478 ex
1935 3389 2173 3476 Telebois.
2213 3447 2220 3452 ·

422 3530 577 3592 H‘aec
602 3529 777 3610 igitur
804 3533 1017 3612 scripta
1052 3533 1267 3592 fuerint
1302 3530 1435 3592 Laii
1476 3541 1672 3606 aetate,
1695 3531 1799 3591 mii
1833 3530 2118 3605 Labdaci,
2158 3528 2390 3609 nepotis
2419 3527 2594 3608 Poly·

367 3626 374 3633 '
421 3623 571 3694 dori,
599 3621 697 3682 filii
717 3625 957 3685 Cadmi.

416 3755 433 3768 ·
498 3721 599 3780 60.
646 3717 818 3778 Alius
842 3716 1025 3798 tripus
1042 3717 1384 3806 hexametro
1410 3673 1650 3778 modulo
1675 3715 1806 3776 haec
1819 3677 2016 3776 dicit:

934 3837 1115 3890 Sonus,
1126 3835 1175 3882 in
1197 3835 1389 3884 adsueto
1413 3851 1526 3898 pugn
1511 3835 1622 3884 ilum
1637 3834 1884 3882 certamine
1905 3813 2076 3890 victor,

928 3913 1011 3962 Me
1030 3912 1118 3962 tibi
1140 3913 1358 3970 sacravit,
1370 3913 1630 3974 speciosum
1647 3924 1829 3968 munus,
1849 3910 2032 3972 Apollo.
2113 3932 2120 3948 ·

416 4007 627 4078 Scaeua*
652 4015 855 4064 autem
872 4002 971 4062 ille
998 4001 1176 4063 fuerit
1219 3999 1666 4080 Hippocoontis·
1687 3999 1878 4060 filius:
1923 3997 1971 4056 si
2012 3996 2186 4056 modo
2225 3963 2340 4056 hic·
2361 3997 2474 4054 fuit
2499 3995 2597 4076 qui

414 4109 631 4160 munus
654 4099 799 4157 illud
824 4094 1135 4165 dedicavit,
1156 4113 1267 4154 nec
1296 4094 1442 4153 alius
1456 4093 1638 4152 idem
1649 4111 1862 4152 nomen
1891 4109 2100 4170 gerens
2125 4109 2259 4148 cum
2289 4085 2594 4212 Hippoco-

420 4193 575 4256 ontis
598 4191 759 4250 filio:
802 4189 956 4248 vixit
970 4187 1066 4248 hic
1094 4196 1285 4246 autem
1314 4184 1543 4264 OEdipi
1537 4195 1734 4255 aetate,
1764 4183 1894 4243 Laii
1917 4183 2036 4242 filii.

500 4289 599 4346 61.
642 4283 873 4368 TertIus
888 4281 1083 4360 tripus,
1106 4281 1448 4338 hexametro
1465 4277 1678 4356 pariter
1697 4276 1952 4348 modula,
1965 4275 2124 4334 haec
2109 4273 2384 4353 inscripta
2399 4271 2598 4332 habet·

744 4390 748 4394 ’
856 4385 1111 4434 Laodam'as
1130 4385 1271 4432 istum
1290 4379 1554 4442 tripodem,
1562 4381 1712 4428 suain
1684 4381 1852 4430 corbe·
1865 4380 2152 4435 monarchus,

828 4461 998 4509 .1·loc
984 4459 1161 4522 insigne
1182 4459 1328 4507 dacus
1343 4456 1428 4504 tibi
1453 4472 1616 4516 magne
1634 4456 1810 4506 dicavit
1829 4457 2015 4518 Apollo.
2055 4478 2060 4485 ·
