2817 4792
1142 247 1456 311 ERATO.·
2165 253 2173 264 “
2243 251 2365 308 295·

140 381 533 452 Quo-facto,
562 379 805 440 necesse
830 388 921 438 est
942 389 1009 438 ut
1036 397 1109 438 ex
1134 377 1361 458 quaqu'e
1401 377 1574 436 domo
1603 376 1720 436 duo
1745 377 1910 436 liberi
1935 367 2214 446 homines,
2241 377 2364 435 mas

153 483 249 530 et
304 473 560 544 foemina,
600 472 757 540 luctu
795 471 1135 556 squaleant:
1174 470 1237 529 id
1264 470 1320 528 ιιί
1356 467 1592 540 faciunt,
1621 489 1854 548 gravem
1879 470 2153 528 mulctam
2178 463 2370 528 incur-

144 573 348 622 runt.
436 563 544 621 Est
568 573 763 622 autem
788 579 913 622 mos
950 563 1522 622 Lacedaemoniorum
1549 562 1610 620 in
1652 582 1855 640 regum
1871 575 1874 580 ·
1889 562 2048 621 obitu
2087 558 2244 621 'idem
2269 559 2366 638 qui
2397 630 2404 634 .
2443 583 2449 594 ·-

152 657 587 716 Bai-batorum
613 656 670 712 in
698 655 871 714 Asia:
912 656 1171 735 plerique
1198 655 1351 715 enim
1378 655 1606 714 barbari
1625 655 1686 712 in
1715 655 1873 713 obitu
1901 652 2105 732 reg'um
2133 665 2366 712 suorum

146 747 406 806 eodem
416 751 659 804 ‘utuntur
684 746 972 807 instituto.'
1014 747 1257 806 Mortuo
1286 747 1436 806 enim
1461 765 1602 825 rege
1629 744 2222 816 Lacedaemoniorum,
2245 764 2362 804 non

162 839 473 918 Spartani
498 838 701 908 solum,
726 838 833 898 sed
862 831 923 898 et
948 857 1026 897 ex
1050 849 1173 898 tota
1198 838 1493 898 Laconica
1521 837 1738 898 circum
1767 837 2140 896 habitantium
2169 841 2364 896 certu's
2466 825 2472 840 ’

152 931 425 1010 quidam
456 950 727 989 numerus
776 931 854 988 ad
898 930 1365 1010 prosequendum
1396 930 1572 990 funus
1599 931 1903 989 convenire
1944 937 2192 988 tenetur.
2275 924 2362 986 Hi
2404 989 2408 994 ,
2443 923 2450 928 ”

160 1022 389 1100 igitur,
432 1031 493 1080 et
528 1021 747 1098 hilotte,
789 1033 849 1081 et
894 1022 1159 1101 Spartani
1195 1021 1323 1101 ipsi,
1352 1013 1661 1100 postquam
1690 1011 1872 1080 multa
1915 1021 2090 1080 millia
2127 1010 2368 1078 numero

166 1119 541 1184 convenere,
581 1113 909 1192 promiscue
951 1125 1084 1174 c'um
1122 1113 1462 1190 mulieribus·
1492 1114 1730 1173 frontes
1767 1113 2028 1192 gnaviter
2067 1111 2364 1190 plangunt,

166 1206 587 1282 immensaque
630 1204 811 1264 edunt
846 1207 1119 1276 lamenta,
1156 1215 1476 1282 postremum
1503 1209 1733 1284 semper
1761 1227 1825 1264 es
1850 1206 2066 1284 regibus
2111 1203 2366 1290 optimum

146 1298 369 1377 fuisse
395 1297 677 1372 dicentes.
760 1299 934 1363 Quod
962 1297 1010 1356 si
1031 1297 1090 1356 in
1117 1297 1273 1356 bello
1294 1308 1550 1366 mortuus
1580 1301 1686 1355 rex
1713 1297 1818 1368 es't,
1843 1299 1968 1375 ejus
2005 1287 2367 1356 simulacrum

182 1389 499 1467 effingunt,
524 1397 583 1447 et
607 1389 811 1467 pulcre
829 1400 1011 1449 strato
1038 1388 1255 1448 lectulo
1280 1389 1601 1467 impositum
1629 1388 1894 1448 efferunt.
1937 1388 2177 1466 Sepulto
2204 1406 2364 1465 rege,

178 1499 303 1559 per
328 1481 541 1540 decem
560 1480 684 1538 dies
700 1500 813 1539 nec
833 1479 1032 1559 populi
1060 1480 1267 1540 concio
1290 1479 1626 1553 instituitur,
1646 1499 1758 1539 nec
1779 1479 2204 1558 magistratuum
2223 1497 2362 1538 con·-

183 1592 411 1642 sessus,
438 1571 545 1630 sed
572 1591 676 1650 per-
693 1572 800 1630 hos
828 1571 953 1632 dies
982 1573 1278 1631 con'tin'uos
1303 1573 1522 1651 lugent.

272 1669 377 1726 59.
422 1660 655 1722 Etiam
639 1683 698 1722 m
725 1664 839 1722 hoe
879 1663 1339 1752 Lacedaemoniis
1368 1664 1639 1724 convenit
1677 1683 1810 1723 cum
1851 1665 2057 1738 Persis,
2083 1667 2246 1746 quod
2272 1670 2361 1727 de«.-

164 1757 383 1834 functi
406 1757 556 1840 regis
582 1775 851 1813 successor
875 1755 935 1812 in
954 1757 1122 1832 regni
1154 1756 1242 1814 sui
1267 1746 1536 1846 auspiciis
1566 1775 1680 1815 aere
1708 1757 1902 1816 alieno
1935 1758 2139 1817 liberat
2161 1756 2363 1845 quein-

185 1848 343 1910 Iibet
370 1847 735 1926 Spartanum,
760 1846 858 1924 qui
883 1845 977 1905 vel
998 1847 1125 1925 regi
1164 1849 1256 1906 vel
1296 1841 1532 1926 publico
1559 1847 1768 1926 aliquid
1793 1847 2008 1909 debuit.
2061 1849 2366 1910 Similiter

190 1940 356 2001 enim
380 1941 539 2018 apud
569 1939 774 1998 Persas
810 1949 1014 2000 re'cens
1041 1939 1382 2000 constitutus
1407 1959 1512 1998 rex
1549 1939 1868 2000 civitatibus
1897 1941 2159 2002 omnibus
2186 1941 2368 2003 tribu-

194 2043 347 2102 tum,
374 2030 532 2110 quod
557 2031 811 2090 nondum
839 2033 1253 2120 persolverunt,
1280 2031 1538 2090 remittit.
2351 2051 2359 2058 ·

276 2131 379 2186 60.
426 2124 573 2183 Cum
596 2115 882 2202 AEgyptiis
897 2143 1035 2182 vero
1048 2123 1159 2182 hoc
1176 2132 1483 2183 commune
1509 2122 1932 2182 Lacedaemonii
1949 2125 2184 2196 habent,
2207 2125 2366 2224 quod

198 2219 357 2297 apud
375 2217 507 2276 illos
520 2235 791 2292 proecones
811 2226 871 2274 et
890 2209 1133 2275 tibicines
1160 2227 1223 2277 et
1242 2217 1395 2294 coqui
1414 2215 1474 2274 in
1491 2215 1712 2322 ‘patrias
1738 2227 1890 2306 artes
1917 2209 2276 2308 succedunt3
2305 2213 2368 2279 'et

197 2309 418 2370 tibicen
456 2308 605 2366 filius
646 2317 737 2366 est
774 2305 1038 2378 tibicinis,
1079 2328 1297 2389 coquus
1337 2308 1527 2387 coqui,
1569 2315 1762 2386 prae'co
1801 2300 2125 2388 praeco'nis:
2177 2300 2370 2398 neque

193 2399 481 2480 proeconis
505 2399 683 2458 filium
710 2398 873 2470 alius,
896 2401 973 2459 ob
992 2399 1156 2460 vocis
1174 2399 1491 2460 claritatem
1505 2404 1714 2458 munus'
1729 2399 1844 2459 hoc
1865 2397 2143 2472 ambiens,
2163 2392 2368 2462 exclu-

146 2500 153 2508 '
198 2493 321 2562 dit;
350 2492 457 2552 sed
479 2489 717 2570 quilibet
730 2490 1027 2569 negotium
1054 2511 1220 2552 suum
1244 2491 1431 2570 patrio
1451 2510 1612 2552 more
1629 2492 1970 2571 exsequitur.·
2019 2489 2220 2574 Atque
2236 2491 2368 2592 haec

198 2584 439 2664 quidem
466 2583 549 2644 ita
571 2603 636 2644 se
662 2585 898 2646 habent.

277 2683 383 2740 61.
430 2670 850 2765 Cnnom'mriffl
890 2678 1083 2758 igitur,
1134 2679 1364 2759 AEginae
1402 2669 1544 2742 tunc
1597 2679 1934 2753 versantem,
1977 2691 2038 2740 et
2077 2677 2368 2768 commum

198 2769 455 2831 Groeciae
493 2771 647 2831 bono
684 2778 988 2831 navantem
1016 2792 1268 2852 operam,
1296 2781 1474 2852 quu'm
1513 2783 1834 2832 accusasset
1863 2769 2214 2843 Demaratus,
2249 2763 2365 2829 no'n

198 2863 497 2941 AEginetis
535 2863 635 2924 ille
660 2847 923 2942 studens,
946 2863 1067 2923 sed
1094 2864 1306 2930 invidia
1332 2875 1393 2924 et
1434 2863 1568 2922 'odio
1595 2863 1842 2932 ductus;
1883 2861 2004 2921 tum·
2031 2879 2166 2921 vero
2195 2862 2369 2922 Cleo'·

196 2973 424 3027 menes,
452 2973 529 3014 ex
560 2953 769 3038 AEgina
792 2963 1075 3025 reversus,
1102 2954 1323 3033 regiam
1350 2953 1692 3032 dignitatem
1719 2952 2030 3030 abrogandi
2053 2953 2365 3012 Demarato

199 3041 503 3106 consilium
532 3045 726 3124 cepit;
764 3049 929 3124 cujus
954 3045 1335 3126 exsequendi
1338 3037 1560 3105 consilii
1585 3044 1710 3102 haec
1735 3047 1826 3102 r'es
1853 3044 1906 3102 ei
1931 3062 2125 3104 ansam
2154 3043 2368 3103 occasi-

198 3123 490 3217 onemque
526 3139 788 3217 praebuit.
871 3137 1150 3208 Aristoni,
1198 3137 1423 3220 Spartae
1477 3136 1620 3215 regi,
1673 3156 1849 3214 quum
1867 3136 2045 3196 duas
2093 3131 2367 3214 deinceps!

198 3249 419 3314 uxores
460 3225 742 3308 duxisset,
777 3219 943 3289 liberi
972 3249 1043 3290 ex
1070 3229 1157 3298 his
1185 3230 1325 3288 nulli
1350 3228 1616 3308 prognati
1645 3237 1826 3288 erant.
1881 3229 2092 3312 Cujus
2124 3227 2209 3288 r'ei
2246 3247 2366 3311 non

108 3365 115 3374 ,
196 3331 364 3382 'suam
388 3341 517 3406 esse
556 3321 786 3400 culpam
814 3321 1163 3391 existimans,
1194 3321 1416 3380 tertiam
1457 3317 1620 3379 duxit
1662 3333 1936 3378 uxorem:
1977 3309 2146 3379 duxit
2171 3305 2364 3379 autem'

181 3415 313 3474 ‘hoc
338 3395 535 3473 modo.
615 3413 761 3490 Erat
799 3413 880 3472 illi
916 3413 1135 3472 amicus
1170 3413 1306 3472 civis
1348 3397 1678 3491 Spartanus,
1707 3432 1864 3494 quo
1865 3402 2072 3472 'civium
2111 3403 2368 3472 omnium

200 3504 635 3570 familiarissime
662 3487 899 3565 Ariston
928 3505 1209 3592 utebatur.
1291 3504 1411 3565 Hic
1437 3504 1522 3562 vir
1547 3523 1786 3562 uxorem
1814 3503 2030 3564 habuit
2035 3504 2210 3584 longe
2247 3495 2366 3564 fo'r-·

198 3597 581 3658 mocissimam
622 3597 873 3656 omnium
902 3589 1047 3676 quae
1072 3585 1299 3676 Spartae
1340 3606 1526 3656 erant
1542 3595 1880 3656 mulierum.
1919 3601 1986 3656 et
2027 3615 2098 3656 ea
2107 3588 2367 3684 'quidem

182 3691 593 3771 formosissima
611 3710 675 3748 ea·
702 3689 1088 3768 deformissima
1114 3698 1393 3750 evaserat.
1477 3671 1708 3748 Etenim
1747 3709 1924 3768 quum
1949 3689 2128 3768 turpis
2167 3679 2378 3750 fiiisset'

200 3781 497 3858 adspectu,
521 3779 711 3841 nutrix
736 3779 905 3853 illius,
932 3771 1185 3860 puellam
1212 3780 1294 3839 ita
1334 3777 1652 3838 deformem
1676 3779 1876 3839 videns
1903 3787 2034 3838 esse
2073 3777 2369 3838 hominum
2425 3799 2436 3807 ·

200 3874 605 3954 opulentorum
632 3871 829 3944 filiam,
856 3873 1173 3952 vidensque
1210 3857 1483 3952 parentes
1523 3871 1730 3929 illius
1712 3892 1772 3929 ιιι
1811 3864 2021 3950 magna
2047 3861 2368 3931 calamitate

202 3982 435 4044 ponere
444 3974 670 4044 turpem
694 3963 889 4023 filiolae
913 3964 1174 4036 formam,
1202 3964 1333 4024 haec
1349 3957 1810 4024 animadvertens
1827 3964 2038 4048 nutrix,
2067 3963 2182 4023 tale
2207 3962 2366 4022 inivit

205 4055 525 4114 consilium.
606 4055 881 4122 Quotidie
922 4057 1190 4133 gestabat
1228 4075 1355 4116 eam
1382 4055 1444 4113 in
1460 4054 1692 4114 Helenoe‘
1722 4043 1984 4130 templum,
2014 4053 2169 4138 quod
2193 4065 2284 4112 est
2305 4050 2368 4110 ιιι

204 4147 340 4232 loco
381 4147 479 4226 qui
520 4147 829 4226 Therapna
868 4157 1124 4218 vocatur,
1152 4166 1327 4224 supra
1372 4145 1690 4206 Phoebeum
1746 4145 2042 4224 templum
2121 4143 2370 4211 Quoties

204 4223 401 4298 autem
426 4237 677 4318 puellam
704 4251 777 4299 eo
804 4248 1112 4317 gestasset,
1142 4239 1429 4302 statuebat
1455 4237 1610 4296 illam
1649 4246 1787 4296 ante
1823 4235 1950 4294 'dese
1978 4235 2366 4306 simulacrum,

204 4329 571 4411 supplexque
595 4332 838 4411 rogabat
864 4332 1055 4404 deam,
1079 4341 1143 4389 ut
1170 4317 1510 4408 deformitate
1525 4328 1752 4386 libe-rare
1771 4327 1998 4403 puellam
2024 4325 2199 4387 vellet.-
2235 4321 2401 4388 'Jam
2469 4347 2476 4354 ·
