2817 4792
1016 281 1646 350 TERPschOREL
2294 287 2410 362 '2‘5‘5

194 425 453 485 tacidae
484 421 673 495 filius(
696 419 835 484 civis
862 413 1227 485 'Croto'niatm
1296 423 1369 485 'Is
1410 447 1588 505 quum
1627 427 1734 487 sibi
1775 421 2190 507 desponsasset
2217 421 2416 512 Telyis

196 518 438 591 filiam,
464 515 856 597 Sybaritarum
875 515 1051 595 regis,
1086 514 1342 577 Crotone
1370 517 1736 597 profugerat:
1766 519 2074 579 frustratus
2091 517 2284 582 autem
2309 545 2414 601 nu-

196 609 395 688 ptiis‘,
432 610 635 668 relicta
674 601 847 669 Italia
876 605 1157 712 Cyrenen
1188 610 1576 687 navigaverat.
1660 610 1808 668 Inde
1843 611 2148 688 profectus,
2181 625 2414 675 secutus

162 703 165 706 ’
198 711 395 760 erat
408 701 690 760 Dorieum
732 701 964 779 propria
1002 700 1239 772 triremi,
1266 721 1371 759 suo
1415 712 1608 760 sumtu
1645 700 1919 760 militibus
1958 703 2276 764 instructa:
2327 708 2416 766 vir

198 795 338 872 qui
360 795 425 852 in
452 793 773 872 olympicis
804 789 1207 888 certaminibus
1236 791 1530 852 victoriam
1557 791 1973 872 reportaverat,
1994 806 2055 854 et
2073 790 2415 880 formosissi-
2487 782 2494 793 ¹

194 887 365 944 nius
410 885 662 942 omnium
696 903 816 942 suae
832 884 1045 943 aetatis
1076 883 1438 944 Graecorum.
1521 882 1640 944 Hic
1681 887 1756 944 ob
1795 885 1996 945 formae
2023 890 2413 984 praestantiam

202 979 297 1037 ab
334 978 655 1057 Egestanis
676 979 1027 1037 consecutus
1058 989 1164 1050 est,
1188 975 1350 1058 quod
1385 998 1556 1038 nemo
1584 975 1761 1038 alius:
1804 979 1864 1037 hi
1903 975 2057 1041 enim
2087 1001 2259 1061 super
2287 989 2412 1058 ejus

200 1069 499 1148 sepulcro
527 1069 791 1128 Heroum
822 1080 1154 1139 erexerunt,
1187 1064 1249 1128 et
1273 1068 1566 1130 sacrificiis
1595 1066 1724 1130 euni
1753 1070 1996 1148 placant.

242 1153 247 1162 ⁴
298 1167 413 1222 48.
456 1163 635 1235 Hunc
663 1161 837 1220 finem
868 1161 1070 1221 habuit
1098 1161 1391 1221 Doricus:
1424 1162 1518 1241 qui
1546 1163 1593 1221 si
1619 1161 1980 1222 sustinuisset
2007 1159 2114 1243 s'ub
2144 1161 2412 1226 Cleome-

200 1253 309 1314 nis
328 1251 527 1313 vivere
546 1251 819 1332 imperio,
836 1264 897 1313 et
929 1251 1151 1332 Spartae
1178 1259 1432 1324 manere,
1462 1255 1584 1335 ipse
1605 1275 1710 1314 rex
1731 1253 2008 1324 evasisset
2028 1256 2409 1330 Lacedaemo-

203 1346 333 1406 nis.
421 1345 629 1424 Neque
660 1345 814 1406 enim
842 1333 941 1406 diu
983 1345 1291 1405 admodum
1328 1347 1591 1425 regnavit
1619 1341 1984 1418 Cleomenes,
2015 1350 2122 1408 sed
2153 1349 2410 1410 mortuus

206 1447 317 1499 est
341 1439 503 1498 nulla
522 1438 685 1534 prole
700 1437 922 1509 relicta,
946 1439 1054 1498 n'isi
1080 1456 1195 1497 una
1220 1438 1356 1512 filia,
1380 1439 1475 1498 cui
1503 1458 1712 1498 nomen
1732 1450 1858 1498 erat
1879 1437 2102 1519 Gorgo.
2371 1494 2380 1499 .

298 1537 405 1592 49.
450 1532 587 1591 Hoc
626 1525 805 1609 ig‘itur
844 1543 1128 1626 regnante
1173 1531 1493 1591 Cleomene
1535 1528 1800 1610 Spartam
1828 1532 1985 1591 venit
2013 1507 2404 1613 Aristagoras,

208 1622 423 1682 Mileti
451 1634 747 1703 tyrannus.
802 1623 863 1683 Is
890 1643 1091 1702 regem
1114 1618 1486 1694 conveniensi,
1509 1618 1707 1682 secum
1731 1621 2052 1696 adferebat,
2077 1637 2142 1684 ut
2165 1627 2404 1712 narrant

208 1686 675 1786 Lacedaemonii,
696 1721 919 1774 aeneam
936 1712 1267 1785 tabulam,
1250 1735 1311 1773 m
1330 1713 1446 1812 qu'a
1472 1715 1648 1774 totius
1675 1710 1856 1780 teri-re
1867 1715 2136 1784 circuitus
2168 1707 2289 1804 erat
2315 1720 2402 1778 in-

206 1807 397 1878 cisus,
426 1817 485 1866 et
512 1806 671 1868 mare
698 1805 1043 1878 universum,
1072 1805 1393 1886 fluviique
1380 1825 1596 1866 omnes.
1652 1805 1809 1866 Ubi
1792 1827 1852 1864 m
1877 1797 2224 1886 colloquium
2245 1806 2404 1869 venit

210 1898 400 1976 regis,
429 1899 579 1958 haec
597 1899 671 1958 ad
710 1919 843 1958 eum
871 1897 1048 1958 verba
1086 1899 1289 1959 fecit.
1330 1906 1369 1935 “
1401 1898 1768 1970 Cleomenes,
1806 1918 1881 1957 ne
1921 1919 2114 1988 meum
2145 1881 2398 1978 studium

208 1990 684 2050 teconveniendi
703 1991 923 2052 mireris
939 2001 964 2063 ς’
985 1991 1123 2050 talia
1150 1989 1304 2070 'emm
1328 2001 1465 2049 sunt
1485 1989 1762 2070 tempora.
1817 1987 2022 2069 Servos
2041 2009 2176 2050 esse
2192 1991 2396 2050 Ionum

208 2081 387 2153 filios,
416 2083 512 2162 qui
537 2081 698 2144 liberi
720 2103 847 2144 esse
877 2083 1191 2154 debebant,
1218 2079 1494 2163 probrum
1515 2093 1576 2142 et
1600 2083 1762 2141 dolor
1786 2082 2031 2142 maxime
2053 2082 2283 2160 quidem
2308 2082 2398 2142 est

210 2174 385 2233 nobis
414 2173 571 2254 ipsis,
596 2173 797 2235 verum
820 2175 1015 2246 etiam,
1034 2177 1247 2254 praeter
1267 2175 1512 2234 caeteros
1537 2173 1802 2250 Graecos,
1823 2171 1990 2232 tanto
2010 2173 2189 2251 magis
2210 2173 2390 2248 vobis,

213 2267 491 2344 quoniam
532 2267 821 2346 principes
862 2268 999 2327 estis
1042 2266 1309 2326 Graeciae.
1393 2265 1572 2324 Nunc
1615 2260 1809 2342 igitur,
1849 2265 1963 2344 per'
1992 2266 2157 2324 Deos
2181 2275 2249 2323 ‘te
2291 2285 2413 2330 oro,

214 2358 471 2418 Groecioe
509 2360 808 2437 praesides,
852 2379 887 2418 e
926 2360 1199 2418 servitute
1241 2358 1528 2416 vindicate
1564 2357 1758 2426 Iona's,
1799 2357 2258 2436 consanguineos
2291 2381 2392 2439 ve-

208 2461 387 2511 stros.
468 2451 663 2510 Facile
699 2462 893 2510 autem
921 2461 1009 2510 est
1022 2451 1193 2509 'vobis
1232 2449 1640 2527 hoc‘exsequi.
1726 2448 1858 2508 Nec
1899 2449 2255 2510 enim'fortes
2285 2453 2392 2512 viri

210 2554 351 2602 sunt
380 2543 660 2613 Barbari;
699 2563 801 2602 vos
842 2541 979 2601 vero
1004 2541 1213 2602 bellica
1230 2541 1452 2619 ¹virtute
1493 2539 1706 2620 praeter
1729 2540 1946 2600 'omnes
1976 2541 2222 2621 populos
2251 2546 2391 2604 emi-

207 2636 383 2696 netis.
465 2633 687 2713 Pu’gnae
715 2654 897 2713 genus
931 2635 1123 2693 autem
1160 2633 1387 2692 illorum
1431 2633 1544 2692 hoc
1574 2643 1679 2715 est,
1711 2633 1880 2693 arcus
1895 2631 1966 2692 'et
1991 2633 2170 2694 breve
2197 2637 2386 2714 spicu-

206 2728 346 2788 lum.
410 2729 663 2789 ‘Braccis
690 2728 870 2788 induti
902 2725 1040 2806 [non
1068 2728 1237 2786 scutis
1264 2725 1427 2805 tecti]
1469 2727 1528 2785 in
1555 2723 1813 2804 praelium
1840 2737 2014 2797 eunt3
2060 2726 2226 2786 tiaras
2257 2729 2391 2809 [pro

201 2820 412 2901 galea]
455 2821 520 2879 in.
558 2820 741 2900 capite
786 2817 1049 2898 gestant:
1092 2819 1176 2877 ita
1215 2816 1486 2897 supet-'atu
1520 2817 1662 2877 'sunt
1695 2817 1915 2877 faciles.
1977 2817 2150 2876 ,Sunt
2191 2823 2385 2878 autem

204 2914 597 2973 continentem
622 2913 776 2972 illam
804 2911 1195 2972 habitantibus
1216 2908 1390 2981 bona,
1419 2905 1635 2989 quanta
1661 2909 1940 2970 non'sunt
1968 2909 2090 2970 aliis
2119 2911 2384 2973 omnibus

200 3004 531 3066 hominibus
558 3004 727 3064 simul
751 3005 986 3065 sumtis:
1018 3010 1219 3063 aurum
1244 3001 1457 3073 statim,
1488 3013 1614 3061 tum
1641 3001 1964 3080 argentum,
1989 3011 2050 3060 et
2071 3001 2177 3075 aas„
2193 3014 2254 3062 et
2281 3008 2380 3064 ve·

199 3098 301 3158 stis
326 3099 603 3178 pretiosa,
628 3109 690 3158 et
706 3094 990 3174 jumenta,
1020 3107 1081 3155 et
1108 3093 1424 3178 mancipia:
1468 3094 1672 3176 quibus
1693 3093 1820 3166 vos,
1850 3094 1896 3154 si
1927 3095 2100 3154 modo
2126 3095 2378 3170 libuerit,
2413 3157 2417 3161 ,

97 3201 101 3204 “
196 3189 520 3268 potiemini.
603 3188 893 3250 Habitant
931 3199 1144 3268 autem,
1188 3187 1330 3248 alius
1370 3185 1618 3268 populus
1651 3188 1894 3258 alterum
1935 3184 2244 3266 adtingens
2269 3189 2376 3259 sic,

197 3279 685 3361 quemadmodum
720 3279 835 3362 ego
864 3281 1069 3341 dicam.
1156 3277 1343 3341 Ju'xt'a
1384 3282 1558 3340 Ionas
1597 3281 1779 3340 hosce
1818 3277 2082 3339 habitant
2115 3279 2174 3336 hi
2200 3273 2376 3360 Lydi,
2467 3296 2476 3300 “

198 3363 417 3434 terram
464 3385 729 3434 tenentes
772 3374 985 3435 bonam
1032 3383 1091 3434 et
1138 3384 1380 3453 argento
1436 3372 1879 3436 abundantem.'’
1959 3371 2113 3431 Haec
2155 3372 2375 3447 dicens,

199 3467 385 3546 digito
412 3469 749 3527 monstravit
776 3468 1073 3547 regionem
1093 3466 1154 3524 in
1178 3465 1292 3533 illo,
1309 3478 1482 3526 terrae
1511 3465 1774 3536 circuitu,
1803 3464 1975 3543 quem
2005 3462 2106 3522 seri
2132 3463 2373 3525 incisum

195 3557 397 3620 secu‘m
426 3559 753 3633 adtulerat&
797 3569 837 3594 “
865 3557 1047 3640 Lydis
1073 3555 1249 3618 vero”
1276 3559 1359 3618 sic
1384 3549 1584 3618 'dicere
1611 3552 1870 3638 perrexit
1895 3557 1938 3592 ‘⁶
1955 3555 2210 3632 contigui
2227 3559 2375 3617 ‘sunt

192 3671 393 3712 versus
432 3653 715 3732 orientem
743 3649 1011 3734 Phryges
1046 3653 1127 3724 hi,
1158 3661 1221 3710 et
1260 3650 1531 3711 armentis
1558 3661 1618 3709 et
1643 3661 1815 3710 terrae
1841 3645 2106 3726 frugibus
2133 3646 2374 3727 op'ulen-

192 3743 395 3812 tissimi
423 3745 699 3816 omnium,
720 3764 864 3823 quos
893 3745 1163 3825 equidem
1188 3744 1342 3814 novi,
1371 3739 1734 3822 populorum.
1777 3737 2107 3818 Phrygibus
2129 3740 2373 3818 proxirni

194 3846 331 3893 sunt
361 3836 758 3914 Cappadoces,
782 3833 935 3916 ‘quos
958 3836 1158 3918 Syrios
1178 3855 1285 3895 nos
1311 3852 1622 3893 vocamus:
1650 3829 1852 3910 hisq'ue
1879 3828 2104 3888 finitimi
2133 3829 2369 3900 Cilices,

192 3929 268 3988 ad
288 3934 449 3988 mare
472 3930 662 3990 hocce
682 3929 1063 4010 pertinentes,
1083 3930 1143 3989 in
1166 3925 1283 4010 quo
1304 3923 1556 4008 ‚Cyprus
1571 3924 1703 3984 haec
1723 3923 1908 3983 insula
1935 3933 2054 3993 est3
2073 3922 2180 4001 qui
2205 3923 2370 4000 'quin-

198 4029 374 4100 genta
398 4014 620 4082 talenta
644 4017 901 4082 annuum
927 4023 1202 4094 tributum
1226 4020 1490 4102 pendunt
1517 4018 1660 4096 regi.
1742 4013 1952 4077 Cilices
1975 4013 2285 4092 adtingunt
2309 4014 2370 4072 hi

148 4110 156 4124 “
196 4112 475 4185 Armenii,
497 4125 558 4174 et
583 4111 689 4194 ipsi
710 4111 983 4174 armentis
1004 4111 1283 4194 opulenti.
1332 4110 1614 4171 Armeniis
1635 4106 1858 4167 finitimi
1879 4106 2126 4180 Matieni
2141 4105 2368 4164 hancce
2466 4116 2480 4136 ’

191 4199 501 4284 possident
524 4201 833 4284 regionem.
923 4206 1155 4266 Horum
1181 4200 1482 4286 regionem
1508 4195 1966 4279 adtingit-Cissia
1989 4200 2139 4269 haec,
2167 4197 2226 4272 in
2251 4216 2370 4274 qua

182 4291 355 4374 juxta
380 4297 618 4358 fluvium
643 4300 872 4360 huncce
896 4293 1207 4380 Choaspen
1232 4286 1341 4359 sita
1364 4297 1462 4356 hic
1488 4304 1624 4354 sunt
1653 4292 1821 4363 Su'sa,
1844 4290 1944 4350 ubi
1969 4291 2384 4368 Rexmaguuq·

189 4389 364 4460 vitam
390 4390 533 4467 agit,
560 4389 807 4470 suntque
835 4389 1211 4470 pecuniarum
1238 4385 1395 4449 illius'
1404 4385 1689 4448 thesauri.
1750 4383 1928 4442 Hanc
1954 4382 2160 4442 urbem
2183 4395 2365 4459 quum
2391 4418 2399 4425 -
