2817 4792
353 306 362 319 ’
454 295 582 357 ‘ns
1093 294 1543 381 HERODOTI
1586 290 1929 353 HISTOR.
1970 290 2055 350 11.

453 420 702 499 Jupiter.
782 421 852 479 N
849 442 934 480 am
951 431 1106 481 conto
1131 424 1188 479 in
1203 424 1423 499 paludis
1432 422 1677 501 fundum
1700 424 1940 492 subacto,
1958 422 2221 498 quidquid
2232 422 2337 481 luti
2352 432 2519 507 conto
2545 424 2667 483 ad·

455 515 613 571 ἂωεὲἐ
638 514 970 590 colligentes,
993 514 1114 571 inde
1139 514 1661 585 lateresfinaeemnt.
1654 534 1666 546 ·
1708 524 1872 589 atque
1888 514 2149 571 hocmodo
2172 514 2661 593 mepersecerimt.
2694 582 2701 589 .

367 658 374 665 .
459 604 616 661 Haec
641 605 716 663 ab
745 604 846 663 illo
872 615 1066 681 gesta.

535 699 671 757 137.
715 694 859 753 Post
879 696 1034 753 hunc
1065 715 1203 755 vero
1225 714 1499 773 regnasse
1517 694 1703 754 virum
1723 674 1961 754 caecum'
1970 714 2044 754 ex
2066 695 2255 775 Anysi
2276 696 2517 774 oppido,
2542 697 2657 755 cui

447 805 666 845 nomen
689 786 904 861 Anym.
983 786 1124 846 Hoc
1149 798 1457 865 regnante,
1494 786 1717 865 ingenti
1763 786 2059 845 hominum
2106 792 2283 846 ma'nu
2310 790 2653 866 AEgyptum

351 926 358 932 .
449 876 722 937 invasisse
767 876 1075 955 AEthiopes
1113 889 1174 936 et
1202 878 1465 948 Sabacen,
1494 896 1693 953 regem
1738 878 2099 956 AEtbiopnm.
2183 880 2423 937 Coecum
2462 879 2651 955 igitur

450 968 606 1025 hunc
644 968 788 1045 fuga
823 988 888 1026 se
930 970 988 1035 in
1035 968 1273 1047 paludes
1317 970 1627 1046 recepisse,
1670 968 2117 1047 AEthiopemque
2158 969 2219 1049 in
2256 971 2515 1049 AEgypto
2544 990 2648 1029 re-

449 1078 660 1138 gnasse
681 1080 862 1118 annos
883 1061 1298 1138 quinquaginta
1317 1061 1501 1131 ;intra
1520 1080 1664 1138 quos
1680 1078 1859 1119 annos
1879 1072 2047 1137 gesta
2062 1062 2135 1121 ab
2164 1082 2237 1120 eo
2254 1082 2381 1119 esse
2404 1061 2644 1121 haecce.

451 1152 694 1217 Quoties
719 1150 924 1228 aliquis
949 1152 1346 1230 AEgyptiorum
1373 1152 1669 1230 quidpiam
1682 1152 2042 1231 deliquisset,
2060 1153 2279 1211 nullm-n
2306 1172 2509 1211 eorum
2532 1174 2643 1211 vo-

445 1245 627 1303 luisse
651 1243 844 1321 capite
881 1242 1174 1321 plectere3
1215 1242 1320 1303 ἐῶ
1357 1250 1461 1321 pr‘o
1486 1244 1711 1325 ratione
1752 1244 1948 1303 delicti
1981 1246 2325 1305 sententiam
2368 1264 2641 1324 pronun·

449 1338 654 1404 «siesse,
679 1335 1054 1413 imperantem
1074 1347 1139 1395 ut
1165 1336 1408 1415 quisque
1438 1336 1893 1415 delinquentium
1918 1355 2193 1417 aggerem
2220 1337 2535 1415 adgereret
2550 1338 2636 1397 ad

445 1428 720 1506 oppidum
739 1426 894 1485 unde
921 1439 1092 1486 esset.
1175 1428 1379 1507 Atque
1405 1428 1489 1486 ita
1515 1428 1725 1506 oppida
1748 1427 1911 1487 sacta
1930 1440 2067 1487 sunt
2090 1428 2456 1487 sublimiora:
2504 1441 2638 1489 ete-

447 1520 570 1578 nim
592 1517 782 1597 primo
807 1518 1050 1596 adgesta
1074 1519 1264 1579 fuerat
1290 1528 1447 1579 terra
1472 1521 1547 1577 ab
1573 1518 1681 1588 his,
1708 1518 1809 1597 qui
1845 1530 2126 1597 regnante
2156 1519 2403 1579 Sesostri
2436 1520 2635 1581 fossas

447 1610 798 1679 effoderant;
837 1610 970 1669 dein
995 1610 1206 1671 iterum
1231 1613 1340 1672 sub
1363 1610 1635 1689 AEthiope
1656 1611 1971 1671 admodum
1998 1622 2131 1671 sunt
2158 1612 2433 1673 exaltata.
2490 1604 2633 1673 'Prae

445 1701 670 1763 caeteris
687 1711 878 1762 autem
893 1702 1139 1781 oppidis,
1165 1722 1408 1781 quorum
1428 1702 1681 1761 omnium
1698 1701 2011 1761 exaltatum
2028 1714 2117 1762 est
2134 1704 2343 1775 solum,
2364 1706 2633 1765 maxime

445 1794 690 1871 adgesta
713 1801 867 1852 terra
893 1805 982 1853 est
1005 1794 1082 1853 ad
1111 1794 1395 1854 Bubastia
1421 1795 1659 1863 urbem3
1686 1794 1745 1852 in
1764 1814 1877 1871 qua
1898 1805 1987 1854 est
2008 1794 2177 1855 etiarn
2204 1796 2485 1875 templum
2506 1798 2631 1869 Bu-

441 1887 702 1956 bastidis,
733 1896 1056 1945 memoratu
1083 1884 1496 1963 dignissimum.
1580 1886 1729 1943 Sunt
1748 1886 1903 1944 enim
1930 1896 1992 1945 et
2018 1886 2131 1945 alia
2150 1886 2387 1965 quidem
2406 1888 2633 1965 templa

444 1978 724 2057 ampliora
747 1988 808 2035 et
825 1976 1258 2047 sumtuosiora3
1293 1975 1398 2035 sed
1420 1962 1700 2055 adspectu
1722 1977 1940 2035 nullum
1958 1977 2075 2037 hoc
2097 1979 2431 2055 jucundius.
2514 1980 2637 2041 Est.

435 2080 642 2133 ,autem
666 2070 950 2145 Bubastis,
983 2068 1326 2127 Graecorum
1355 2086 1641 2137 sermone,
1671 2068 1883 2128 Diana.

527 2166 661 2219 138.
707 2161 884 2235 Cujus
905 2157 1220 2235 templum
1203 2170 1284 2216 xta
1303 2167 1697 2236 comparatum
1720 2170 1829 2219 est.
1912 2160 2166 2219 Praeter'
2149 2160 2463 2230 mtroitum,
2488 2160 2631 2221 reli·

441 2272 624 2330 quum
651 2260 846 2310 ‚totum
874 2250 1059 2310 insula
1085 2260 1209 2315 est:
1251 2249 1423 2309 fossae
1451 2250 1605 2307 enim
1633 2269 1705 2307 ex
1737 2250 1875 2309 Nilo
1898 2251 2117 2315 circum
2150 2252 2341 2311 ductae
2370 2272 2486 2311 non
2512 2252 2623 2311 mi-

438 2352 676 2403 scentur
694 2342 877 2401 altera
897 2342 1079 2410 alteri,
1099 2342 1205 2399 sed
1229 2353 1467 2418 utraque
1495 2360 1677 2421 usque
1695 2342 1771 2401 nd
1793 2342 2083 2421 introitum
2104 2343 2357 2425 pertinet
2382 2344 2583 2423 templi
2606 2370 2630 2414 ς

443 2436 626 2497 altera
654 2436 727 2493 ab
755 2454 869 2491 uno
889 2433 1091 2503 latere,
1117 2434 1300 2501 altera
1317 2434 1391 2492 ab
1418 2433 1599 2492 altero
1628 2434 2068 2495 circumfluensz
2109 2447 2351 2514 utraque
2380 2448 2619 2497 centum

441 2527 626 2607 pedes
644 2536 850 2604 patens
870 2525 926 2583 in
944 2524 1324 2593 latitudinem,
1340 2518 1636 2595 arboribus
1656 2525 1997 2585 inumbrata.
2049 2526 2359 2606 Propylaea
2378 2529 2455 2587 ad
2468 2528 2619 2607 'qua-

441 2618 714 2695 draginta
738 2616 1068 2675 ·cubitorum
1096 2615 1457 2675 altitudinem
1489 2627 1751 2693 surgunt,
1780 2616 1979 2694 figuris
2014 2619 2468 2677 sexcubitalibus
2494 2640 2617 2679 me·-

427 2718 670 2772 .moratu
699 2708 886 2787 dignis
915 2717 1132 2766 ornata.
1215 2710 1410 2772 Quum
1441 2709 1516 2765 sit
1542 2708 1817 2786 templum
1842 2709 1903 2765 in
1930 2708 2119 2767 media
2152 2710 2335 2779 urbe,v
2356 2711 2615 2790 undique

440 2800 792 2879 conspicitur
819 2818 892 2858 ex
913 2808 1036 2859 toto
1057 2798 1299 2857 circuitu
1321 2818 1336 2857 z
1365 2818 1501 2857 nam
1518 2818 1689 2875 quum
1712 2799 1907 2879 oppidi
1935 2801 2119 2859 solum
2140 2820 2357 2879 aggere
2374 2802 2614 2879 adgesto

436 2894 509 2952 sit
527 2894 862 2963 exaltatum,
892 2890 1171 2971 templum
1193 2900 1411 2963 autem,
1440 2908 1514 2949 ex
1542 2911 1659 2969 quo
1677 2892 1921 2969 primum
1944 2903 2319 2962 exstructum,
2346 2914 2465 2951 non
2486 2914 2611 2951 mu-

439 2998 622 3047 tatum
650 2986 842 3056 fuerit,
875 2985 1130 3063 undique
1157 2984 1496 3062 conspectui
1536 2995 1717 3063 patet.
1801 2985 2247 3044 circumductus
2284 2998 2373 3045 est
2399 2987 2608 3065 templo

437 3100 650 3150 murus,
679 3080 876 3157 figuris
905 3078 1202 3157 insc'hlptis
1228 3098 1243 3136 ε
1285 3088 1377 3137 est
1396 3088 1590 3136 autem
1620 3078 1773 3135 intus
1800 3076 2197 3137 altissimarum
2228 3081 2493 3138 arborum
2520 3082 2608 3139 lu-

438 3172 746 3241 cus‚·cirea
767 3171 954 3232 aedem
981 3189 1246 3246 magnam
1283 3170 1597 3246 plantatus,
1627 3168 1683 3225 in
1712 3188 1827 3246 qua
1861 3169 2011 3228 inest
2048 3170 2175 3228 dese
2223 3170 2605 3249 simulacrum.

434 3263 713 3331 Latitudo
743 3274 802 3321 et
823 3261 1343 3338 longitudotempli
1365 3260 1519 3319 omni
1548 3280 1619 3319 ex
1638 3272 1801 3338 parte
1829 3250 2074 3321 stadium
2102 3262 2356 3320 metitur.
2427 3263 2495 3321 In
2522 3263 2607 3321 in-

433 3354 606 3417 troitu
625 3364 802 3411 strata
829 3352 1020 3429 lapide
1046 3352 1138 3411 via
1165 3363 1255 3410 est
1282 3351 1453 3411 trium
1480 3352 1605 3411 fere
1633 3352 1949 3411 stadiorum
1976 3352 2356 3430 longitudine,
2386 3374 2491 3431 per
2516 3354 2604 3415 fo-

432 3465 558 3504 rum
585 3444 776 3503 ferens
803 3444 1083 3503 orientem
1111 3463 1342 3502 versus:
1385 3443 1835 3521 quadringentos
1862 3442 2042 3522 pedes
2068 3456 2273 3523 patens
2312 3445 2371 3502 in
2409 3446 2599 3505 latitu-

430 3537 643 3605 dinem,
671 3534 954 3611 utrimque
983 3534 1281 3594 arboribus
1320 3535 1545 3593 consita
1574 3535 1649 3593 ad
1672 3535 1881 3594 coelum
1910 3535 2228 3613 porrectiS‚
2214 3560 2227 3573 ·
2266 3535 2385 3595 fert
2412 3548 2601 3603 autem

433 3630 514 3693 ad.
533 3624 813 3687 Mercurii
835 3626 1132 3703 templum.
1217 3626 1366 3685 Haec
1393 3638 1497 3685 est
1508 3626 1705 3705 templi
1734 3626 1899 3702 hujus
1922 3628 2086 3687 ratio.
2442 3646 2447 3651 ·

443 3764 450 3785 2
513 3725 649 3780 139
689 3719 784 3776 Ad
806 3730 1128 3777 extremum
1155 3730 1292 3775 vero
1334 3718 1591 3796 AEgypto
1633 3720 1951 3779 excessisse
1996 3719 2229 3781 aiebant
2271 3704 2595 3801 AEthiopem

427 3813 542 3875 hac
569 3810 888 3871 occasione.
963 3810 1116 3869 Viso
1159 3820 1446 3868 nocturno
1473 3808 1752 3879 territum,
1780 3810 1923 3889 fuga
1967 3830 2030 3869 se
2066 3812 2397 3889 recepisse:
2448 3814 2596 3873 visus

428 3902 638 3981 quippe
657 3901 762 3959 sibi
791 3911 916 3959 erat
931 3900 1256 3959 adstantem
1279 3899 1474 3957 videre
1496 3899 1807 3971 hominem,
1826 3902 1923 3979 qui
1946 3901 1999 3960 ei
2016 3902 2301 3975 suaderet,
2328 3914 2396 3961 ut
2412 3923 2595 3965 sacer-

429 3994 597 4061 dotes
627 4011 841 4061 omnes,
857 3982 970 4069 qui
995 3991 1052 4049 in
1081 3990 1342 4070 AEgypto
1370 4002 1584 4061 essent,
1618 4005 2025 4071 congregaret,
2054 4004 2114 4053 et
2144 3994 2364 4053 medios
2392 3994 2591 4060 discin-

426 4088 610 4151 deret.
695 4086 833 4149 Hac
871 4095 1182 4163 conspecta
1212 4084 1428 4143 visione
1458 4083 1674 4143 dixisse
1717 4104 1870 4155 eum,
1909 4084 2090 4144 videri
2118 4086 2224 4149 sibi
2252 4086 2418 4145 Deos
2444 4086 2589 4147 hanc

427 4178 730 4243 ostendere
758 4176 1002 4241 voluisse
1027 4175 1410 4253 occasionem,
1436 4194 1569 4251 qua,
1601 4174 1830 4252 piaculo
1858 4176 1917 4233 in
1948 4176 2115 4236 sacra
2141 4176 2534 4249 admissopaut
2558 4200 2593 4239 a

424 4274 532 4333 diis
555 4271 692 4350 ipsis
717 4256 819 4335 aut
844 4270 915 4329 ab
943 4268 1270 4335 hominibus
1299 4286 1510 4343 magno
1534 4267 1685 4325 malo
1704 4268 2110 4337 mulctaretur3
2132 4288 2197 4327 se
2222 4268 2360 4347 vero
2375 4268 2486 4328 hoc
2507 4269 2589 4329 fa-

350 4344 359 4369 *
419 4362 1182 4450 ciuus.nqn.sd.miss232·qn1;
1225 4359 1334 4437 sed
1363 4358 1567 4433 exiisse
1598 4370 1841 4441 tempus,
1874 4379 1990 4437 quo
2034 4362 2261 4441 exacto,
2292 4373 2591 4441 postquam
