2817 4792
1068 320 1422 385 ‘mam-..A
1762 341 1771 353 ·
2246 306 2358 389 ιιι

181 452 448 534 cognito
471 448 691 523 famuli,
735 448 1086 543 “superesse
1107 450 1330 523 illum,”
1329 448 1715 526 nunciarunt.
1776 448 1949 509 ·Τιιιιι
1966 445 2121 521 vero,
2161 436 2401 528 ·*3ιῖιιί-·νἼ

183 544 342 605 dere
373 562 440 605 se
469 540 758 642 quidem?
798 538 886 602 ait
917 542 1252 621 Cambyses,
1299 540 1501 618 “quod
1532 540 1759 599 Croesus
1798 538 2081 620 supersit3
2120 538 2183 601 af
2204 530 2359 614 illos}

177 638 298 716 qui
325 632 462 696 eum
479 630 816 706 servassent,
835 654 954 695 non
973 634 1205 712 impune
1225 635 1458 704 laturos,
1481 632 1585 729 sed
1603 633 1788 711 capite
1808 624 2064 693 luituros.
2070 642 2106 674 ”
2144 627 2363 704 'Quod
2427 634 2435 639 ’

181 737 248 786 et
272 722 615 787 faciendum
643 726 951 786 mandavit.

271 821 380 882 37.
425 818 594 877 Talia
613 817 786 897 igitur
805 818 1122 896 'Cambyses
1145 816 1338 893 multa,
1359 816 1499 876 dum
1520 815 1776 894 Memphi
1798 816 2144 887 morabatur,
2170 828 2230 877 et
2250 818 2354 877 ad·

181 930 400 969 versus
430 907 634 969 Persas
663 920 732 968 et‘
745 910 1012 969 adversus
1051 908 1231 969 socios
1255 908 1474 969 furiosa
1504 907 1773 986 patravit:
1820 906 2355 986 proeterea'vetusta

183 1000 474 1081 sepulcra
487 1002 726 1081 aperuit,
745 1014 805 1061 et
822 1002 1103 1060 cadavera
1122 998 1364 1079 inspexit
1382 1024 1397 1069 3
1426 1010 1601 1078 atque
1618 998 1786 1057 etiam
1808 998 2351 1083 templumt'Vui'ctani

182 1092 511 1173 ingressus,
540 1094 901 1154 simulacrum
945 1093 1037 1153 dei
1079 1092 1270 1151 multis
1297 1092 1481 1150 modis
1518 1090 1763 1150 ludibrio
1800 1090 2017 1150 habuit.
2100 1090 2349 1153 Vulcani

181 1186 334 1245 illud
361 1185 726 1245 simulacrum
769 1184 1108 1245 simillimum
1136 1194 1227 1243 est
1261 1182 1571 1245 'Phoeniciis
1595 1182 1845 1253 Patacis,
1874 1202 2015 1261 quos
2032 1184 2349 1259 beoeniced

183 1278 248 1336 in
275 1274 470 1356 proris
487 1278 795 1339 triremium
822 1276 1244 1337 circumferunt.
1302 1276 1465 1341 Quos
1494 1275 1591 1355 qui
1618 1277 1733 1335 non
1760 1274 1921 1347 vidit,
1950 1276 2003 1335 ei
2033 1274 2145 1357 eg‘o
2172 1276 2347 1357 signi.

183 1364 425 1429 ficabo:
461 1380 558 1431 est
576 1368 814 1428 imitatio
841 1369 944 1427 viri
963 1368 1228 1448 pyg'moei.
1309 1366 1609 1445 Ingressus
1631 1386 1769 1427 vero
1794 1368 1963 1427 etiam
1993 1378 2083 1427 est
2108 1368 2347 1457 Cabiro-

185 1480 317 1519 rum
342 1462 642 1539 templum,
667 1460 816 1541 quod
835 1460 1116 1522 nemiuem
1139 1458 1223 1519 fas
1251 1470 1341 1519 est
1359 1458 1605 1537 ingredi,
1626 1458 1732 1517 nisi
1758 1459 2141 1519 sacerdotem·
2154 1470 2345 1540 atque
2454 1479 2457 1485 ·

183 1552 403 1611 horum
417 1548 760 1610 'simulacra’
741 1546 878 1629 igne
896 1549 1067 1611 etiam
1083 1548 1372 1647 cremavit,
1395 1549 1587 1611 multis
1602 1542 1787 1609 modis
1807 1548 2151 1615 ludificatus.
2176 1550 2345 1617 Sunt

186 1652 392 1703 autem·
415 1644 543 1702 haec
569 1640 770 1701 similia
799 1642 1061 1715 Vulcani,
1089 1640 1248 1716 cuius
1273 1641 1422 1700 filios
1448 1641 1607 1699 aiunt
1634 1660 1760 1701 esse
1788 1642 2045 1704 Cabiros.

267 1738 370 1795 38.
414 1734 634 1799 Quibus
677 1754 746 1793 ex
778 1734 1034 1793 omnibus
1071 1732 1137 1793 fit
1171 1732 1310 1791 mihi
1351 1731 1731 1800 manifestum,
1769 1732 1963 1792 furore
1988 1736 2343 1815 magnopere

183 1840 385 1889 actum
403 1822 579 1888 fuisse
603 1826 965 1909 Cambysen:
992 1827 1218 1919 alioqui
1233 1826 1457 1917 templis
1478 1826 1764 1906 sacrisque
1783 1818 1981 1907 populi
2002 1828 2203 1889 ritibus
2221 1850 2341 1891 ιιοιι
2438 1853 2444 1859 ·

184 1932 314 1981 erat
340 1920 628 1981 illusums.
665 1920 842 1987 'Quod
861 1921 910 1980 si
935 1921 1060 2001 quis
1088 1920 1236 1984 enim
1257 1910 1579 1983 hominibus
1606 1919 1866 1981 omnibus
1892 1918 2178 1999 optionem
2206 1942 2339 2005 pro-

184 2023 438 2091 poneret
461 2012 706 2090 eligendi
750 2032 824 2073 ex
862 2010 1124 2073 omnibus
1139 2002 1445 2071 'institutis
1464 2031 1533 2070 ea
1561 2031 1692 2094 quae
1718 2010 1933 2095 optima
1968 2008 2339 2093 viderentur}

183 2103 428 2182 quilibet
473 2124 690 2178 eorum,
733 2124 796 2175 re
837 2104 1169 2170 deliberata,
1220 2100 1538 2162 domestica
1581 2113 1735 2162 esset
1775 2102 2147 2182 praela'turus:
2170 2102 2339 2167 adeo

183 2196 428 2275 quisque
447 2197 690 2274 populus
713 2214 842 2256 suas
865 2194 1025 2273 leges
1047 2196 1220 2275 longe
1241 2214 1364 2266 esse
1383 2196 1630 2282 optimas
1647 2194 1888 2270 judicat.
1968 2194 2176 2277 Itaque
2192 2193 2341 2259 veri-

179 2286 364 2345 simile
378 2302 501 2345 ιιοιι
530 2294 635 2358 est,
664 2286 836 2372 alium
863 2287 1172 2356 hominem,
1210 2286 1316 2347 nisi
1341 2272 1638 2359 furiosum,
1666 2287 1803 2347 talia
1824 2288 2082 2359 ludibria
2098 2288 2341 2356 habere.²

183 2380 460 2457 Statuere
487 2365 681 2438 auteni
702 2378 783 2439 ita
803 2380 878 2439 de
899 2379 1012 2439 suis
1032 2380 1254 2458 legibus
1272 2378 1332 2439 et
1351 2376 1618 2439 institutis
1636 2379 1897 2440 homines
1918 2378 2133 2454 omnes,
2156 2384 2335 2463 (ιιιιιιιι

181 2470 304 2529 aliis
319 2450 768 2549 multisintelligi
791 2459 1150 2531 documentis
1168 2482 1377 2550 potest,
1389 2480 1512 2529 tum
1530 2472 1733 2530 hocce.
1778 2470 2005 2544 Darius,
2026 2472 2336 2553 postquami

179 2562 421 2642 imperio
449 2573 537 2621 est
555 2560 784 2641 potitus,
815 2571 1164 2622 convocatos
1190 2560 1451 2632 Graecos,
1468 2560 1563 2639 qui
1586 2560 1640 2619 ei
1660 2560 1957 2632 aderant,
1940 2564 2335 2643 interrogarit,

181 2664 220 2692 “
237 2674 488 2733 quanam
507 2654 763 2743 pecuniae
787 2654 1074 2733 proposita
1097 2660 1319 2712 summa
1338 2652 1553 2712 veilent
1576 2662 1827 2713 mortuos
1846 2665 2114 2735 parentes
2134 2676 2333 2719 come-

179 2746 398 2805 dere?’'
475 2744 555 2803 Et
593 2745 692 2816 illi,
735 2752 776 2781 “
794 2742 950 2803 nulla
989 2744 1314 2804 conditione
1353 2763 1416 2803 se
1456 2742 1515 2801 id
1539 2742 1852 2817 facturos‚”
1889 2746 2321 2825 responderunt.

177 2838 338 2896 Idem
352 2836 576 2909 deinde
585 2855 656 2895 ex
669 2824 824 2897 Indis
839 2836 944 2895 hos
957 2837 1056 2927 qui
1073 2834 1331 2897 Callatim
1345 2836 1739 2905 nominantur,
1745 2834 1840 2913 qui
1854 2849 2124 2917 parentes
2130 2838 2328 2903 come-¹

174 2930 336 3003 dunt,
346 2929 501 2989 acl-se
519 2938 770 2998 vocatos,
781 2928 1157 3005 praesentibus
1173 2927 1415 3001 Graecis,
1432 2939 1491 2989 et
1500 2948 1601 3008 per
1613 2928 1957 3013 interpretes
1970 2929 2103 3009 quid
2118 2948 2325 3037 agere·

175 3032 268 3081 tur
285 3020 762 3098 intelligentibus,
783 3019 1212 3103 interrogavitf
1219 3026 1364 3099 ‘qua
1387 3018 1692 3078 mercede'
1670 3037 1733 3076 ιιι
1752 3037 1817 3077 se
1832 3018 2178 3097 reciperent,
2184 3021 2322 3101 igne

173 3130 429 3183 cremare
453 3106 708 3177 mortuos
740 3122 1003 3205 parentes
1020 3111 1144 3169 ?”
1175 3111 1255 3171 Et
1293 3110 1393 3181 illi,
1440 3109 1557 3172 alta
1582 3116 1729 3172 voce
1754 3109 2193 3193 exclamantes,
2186 3122 2326 3175 ··’me

173 3206 318 3264 liora
345 3220 478 3263 eum
509 3194 758 3262 ominari
759 3196 1070 3279 jusserunt.
1149 3202 1244 3262 Ita
1267 3197 1437 3280 igitur
1461 3202 1591 3260 hoec
1608 3200 1919 3261 constit-uta
1934 3213 2101 3263 sunt:
2125 3216 2321 3267 recte-

171 3316 280 3377 que
295 3290 438 3355 mihi
455 3290 734 3354 Pindarus
749 3294 976 3355 videtur
993 3294 1283 3371 cecinisse,
1305 3293 1503 3373 Legem
1518 3292 1735 3365 dicens,
1756 3311 1933 3372 regem
1946 3314 2057 3355 esse
2074 3299 2317 3360 omnium.

245 3395 349 3451 39.
392 3388 528 3453 Quo
562 3388 828 3464 tempore
853 3364 1169 3464 Cambyses
1204 3384 1522 3463 AEgyptum
1548 3366 1713 3443 bello
1732 3364 2035 3463 aflgressus
2060 3396 2169 3459 est,
2208 3408 2319 3468 per

169 3482 323 3540 idem
349 3490 584 3557 tempus
613 3476 1042 3537 Lacedaemonii
1069 3477 1336 3539 adversus
1370 3477 1623 3557 Samum,
1648 3486 1716 3535 et·
1740 3476 2091 3554 Polycratem,
2122 3481 2324 3541 AEaeis

169 3572 368 3642 filium,
399 3568 824 3663 expeditionem
851 3568 1243 3649 susceperunt.
1314 3568 1370 3627 Is
1392 3586 1568 3646 quum
1580 3568 2001 3630 insurrectione
2025 3572 2182 3633 ficta
2212 3574 2318 3635 Sa-

169 3682 322 3722 mum
345 3652 712 3742 occupasset,
741 3660 982 3741 primum
1007 3661 1280 3720 trifariam
1297 3658 1655 3719 distributam
1672 3660 1958 3724 civitatem
1986 3663 2153 3723 simu}
2176 3682 2315 3727 cum

165 3750 454 3823 fratribus,
491 3752 857 3827 Pantagnoto
904 3762 962 3811 et
1011 3751 1319 3847 Sylosonte
1359 3748 1885 3811 administraverat:
1926 3746 2099 3825 dein,
2126 3754 2313 3816 altero
2362 3782 2373 3793 ⁴
2432 3757 2437 3765 '

165 3846 380 3914 occiso,
413 3852 474 3901 et
497 3842 656 3900 natu
677 3842 896 3902 minore
927 3839 1250 3921 Sylosonte
1267 3842 1453 3901 insula
1476 3847 1683 3917 ejecto,
1728 3844 2043 3903 universam
2074 3835 2312 3909 Samum

163 3936 403 4016 imperio
429 3934 683 3994 tenebat.
765 3934 942 4000 Quo
925 3954 984 3991 m
1008 3934 1250 4013 imperio,
1275 3942 1408 3993 curn
1439 3920 1648 4007 Amasi,
1681 3936 1926 4042 AEgypti
1939 3954 2093 4015 rege,
2108 3936 2329 4023 hospi--

162 4033 300 4090 tium
322 4027 625 4097 contraxit,
655 4028 806 4086 dona
829 4027 882 4086 ei
907 4026 1156 4099 mittens,
1184 4038 1243 4088 et
1263 4027 1502 4087 vicissim
1531 4030 1603 4087 ab
1628 4029 1727 4087 illo
1747 4027 2051 4108 accipiens.
2086 4024 2308 4093 'revi-

161 4142 273 4201 que
301 4132 571 4197 tempore
569 4106 678 4177 i'ta
694 4129 883 4177 auctas
903 4136 993 4177 res
1011 4128 1170 4178 erant
1195 4115 1535 4199 PolycratiS,
1549 4126 1614 4178 ut
1628 4138 1733 4199 per
1748 4119 2065 4209 universam
2080 4120 2307 4182 Ioniam

161 4208 550 4292 reliquamque
573 4209 862 4269 Graeciam
891 4208 1335 4271 celebrarentur.
1414 4211 1645 4278 Etenim
1665 4229 2027 4291 quocumque
2048 4230 2179 4271 cum
2206 4229 2318 4273 ex-

159 4304 341 4363 ercitu
367 4294 848 4390 proficisceretur,
877 4301 1068 4361 omnia
1093 4303 1146 4362 ei
1171 4302 1411 4362 feliciter
1430 4302 1769 4362 cedebant.-
1814 4302 2089 4362 Habebat
2114 4312 2320 4369 autem

157 4405 388 4465 centum
418 4394 706 4455 actuarias
733 4394 907 4455 naves
927 4395 1332 4474 quinquaginta
1349 4411 1653 4465 remorum,
1670 4393 1919 4455 etmille
1942 4394 2317 4473 sagittaria<-
