2817 4792
381 287 500 366 426
949 307 1399 369 nsnono‘rl
1440 295 1785 372 ffls‘ron.
1828 309 1997 371 vm.

421 439 604 496 138.
645 434 764 516 Qui
785 415 1090 516 postquam
1117 438 1401 510 abierant,
1424 457 1573 497 unus
1600 459 1674 499 ex
1700 431 2079 500 assessoribus
2102 439 2333 500 monuit
2356 439 2573 518 regent

383 526 522 606 quid
549 537 702 587 esset
729 527 882 606 quod
909 529 1144 590 fecisset
1171 549 1337 610 puer,
1367 541 1654 610 quamque
1682 531 1995 610 prudenter
2020 529 2259 590 fratrum
2286 542 2425 598 natu
2456 531 2577 596 mi«.-

291 630 300 634 “
386 618 575 678 nimus
615 621 938 699 accepisset
971 622 1128 701 quod
1166 642 1269 681 rex
1309 622 1419 682 illis
1446 615 1727 686 dedisset.
1808 625 1891 683 Et
1926 644 2051 695 rex,
2088 625 2177 684 his
2212 624 2441 692 auditis,
2476 624 2575 684 ira

389 722 711 790 correptus,
735 713 956 791 equites
977 714 1281 800 nonnullos
1303 715 1474 786 misit,
1501 715 1601 796 qui
1626 717 1756 776 illos
1782 715 2217 796 insequerentur
2246 727 2307 775 et
2341 715 2581 776 interfi-

389 805 612 863 cerent.
696 805 807 887 Est
836 793 1028 866 autem
1055 807 1115 864 in
1139 807 1250 866 hae
1275 806 1517 888 regione
1542 803 1769 880 fluvius,
1798 809 1891 868 cui
1918 809 2133 888 posteri
2156 809 2361 870 horum
2386 808 2575 885 Argi-

387 905 591 956 vorum
635 898 889 958 virorum
940 917 1108 959 sacra
1126 933 1134 940 ·
1151 899 1396 979 faciunt,
1429 909 1732 980 ‘tamquam
1780 901 2092 961 Servatori.
2171 901 2289 960 Hic
2324 900 2577 971 fluvius,

385 998 694 1070 'postquam
725 1009 858 1050 eum
894 995 1243 1070 trajecerant
1271 991 1625 1065 Temenidae,
1650 993 1735 1053 ita
1765 1004 1973 1054 auctus
1996 993 2189 1064 fluxit,
2218 1003 2280 1051 ut
2314 992 2589 1052 transire

361 1081 613 1164 „equites
640 1102 757 1142 non
782 1095 1038 1162 possent.
1100 1084 1196 1144 Illi
1213 1104 1352 1144 vero
1380 1084 1440 1143 in
1466 1084 1639 1145 aliam
1666 1085 2031 1146 Macedonia
2056 1086 2346 1164 regionem
2368 1104 2587 1144 seces-

385 1185 608 1244 serunt,
635 1173 1079 1253 habiturumque
1105 1193 1290 1255 prope
1307 1177 1492 1236 hortor
1518 1177 1617 1256 qui
1644 1175 1909 1236 dicuntur
1932 1176 2135 1247 Midae,
2164 1177 2397 1236 Gordiae
2418 1176 2542 1234 filii
2558 1201 2603 1250 ,ιἱ

386 1265 592 1343 quibus
633 1266 693 1324 in
733 1267 926 1326 hortis'
949 1278 1154 1345 sponte
1191 1279 1509 1327 nascuntur
1548 1287 1703 1338 roser,
1733 1287 1973 1348 quarum
2000 1287 2361 1348 unaquaeque
2390 1287 2587 1328 sexa·

379 1355 564 1438 ginta
573 1356 713 1416 folia
736 1357 930 1428 habet,
957 1369 1020 1418 et
1044 1378 1176 1439 quoe
1203 1360 1383 1419 odore
1411 1369 1683 1448 prestant
1710 1359 2113 1422 coeteris.1n
2136 1359 2351 1420 eisdem
2376 1359 2585 1421 hortis

377 1448 562 1510 'etiam
593 1449 820 1510 Silenus
839 1463 1041 1530 captus
1062 1463 1207 1524 erat,
1231 1463 1297 1512 ut
1315 1463 1553 1512 narrant
1574 1443 1985 1512 Macedones..
2011 1451 2225 1542 Supra
2210 1461 2343 1510 istos
2359 1452 2585 1515 hortos

369 1555 554 1600 ’mons
578 1541 722 1602 situs
749 1554 854 1615 est,
879 1544 974 1603 cui
993 1543 1257 1604 Bermius
1287 1563 1521 1616 nomen,
1546 1545 1709 1604 aditu
1732 1543 1975 1604 difficilis
2002 1546 2077 1604 01)
2104 1549 2267 1604 aeris
2274 1545 2585 1622 intempe-

373 1633 547 1695 riem.
627 1633 776 1694 Inde
814 1635 1036 1724 impetu
1073 1635 1251 1708 facto,
1293 1647 1603 1716 postquam
1642 1637 1757 1697 hac
1794 1637 2033 1716 regione
2056 1637 2221 1716 potiti
2244 1647 2395 1708 sunt,
2430 1637 2593 1698 reli-

371 1741 561 1805 ‘quam
583 1726 756 1788 etiam
784 1727 1197 1789 Macedoniam
1224 1727 1330 1788 sub
1357 1739 1707 1808 potestatem
1735 1747 1897 1790 suam
1916 1729 2289 1808 redegerunt.
2544 1781 2559 1790 .

431 1847 436 1854 ·
470 1824 607 1883 139.
649 1821 742 1880 Α1)
769 1821 884 1881 hoc
909 1821 1086 1900 igitur
1116 1821 1399 1882 Perdicca
1422 1815 1773 1881 ‘Alexander
1798 1831 1963 1880 ortus
1990 1831 2079 1881 est
2102 1820 2259 1880 hisce
2282 1821 2581 1899 progeni-

367 1911 625 1974 ·toribus.
707 1913 1005 1994 Amyntas,
1025 1918 1188 1989 cujus
1209 1913 1358 1972 filius
1379 1911 1715 1973 Alexander
1736 1913 1865 1984 fuit,
1894 1925 2115 1993 patrem
2141 1914 2337 1972 habuit
2366 1913 2579 1974 Alce.-

365 2009 542 2076 ²tam3
598 2005 832 2066 Alcetae
858 2015 1024 2085 pater
1047 2005 1160 2066 fuit
1189 2007 1493 2085 Aeropus3
1550 2007 1761 2086 Aeropi
1802 2017 1983 2085 pater,
2029 2005 2355 2084 Philippus:
2414 2005 2581 2069 Phi.-

365 2095 547 2176 =1ippi,
578 2097 1103 2177 Argaeus3A1-gsei
1128 2109 1312 2178 pater,
1340 2097 1689 2158 Perdiccas
1672 2117 1723 2156 is
1750 2098 1849 2176 qui
1874 2117 2058 2176 regno
2080 2097 2295 2176 potitus
2314 2107 2423 2156 est.
2466 2099 2593 2174 Hi,

385 2187 554 2249 fuere
581 2188 925 2263 Alexandri,
955 2181 1231 2270 Amyntae
1257 2189 1378 2262 filii,
1397 2189 1817 2270 progenitores.
1882 2207 1889 2212 ·

361 2291 378 2300 '
469 2285 609 2343 140.
651 2281 974 2362 Postquam
991 2301 1028 2342 a
1054 2281 1368 2343 Mardonio
1395 2283 1601 2343 missus
1630 2282 1969 2343 Alexander
1970 2243 2239 2343 Athenas
2258 2282 2437 2364 venit,
2451 2239 2585 2346 taii

385 2393 527 2434 usus
555 2384 644 2434 est
670 2374 940 2434 oratione.
1023 2373 1312 2451 (14o.1.)
1357 2374 1541 2432 “Viri
1578 2375 2003 2435 Athenienses!
2046 2375 2381 2436 Mardonius
2418 2375 2581 2439 haec

361 2463 555 2524 ¹dicit..
636 2465 900 2526 Nuncius
925 2465 1064 2536 mihi
1098 2485 1136 2526 a
1175 2465 1347 2544 Rege
1387 2465 1547 2525 venit
1584 2465 1644 2524 in
1685 2465 1810 2526 haec
1846 2467 2063 2527 verba:
2104 2467 2573 2528 Atheniensibus

383 2531 642 2633 injuriam
682 2577 912 2644 omnem
951 2557 1090 2618 mihi
1129 2559 1204 2618 ab
1239 2558 1356 2617 illis
1395 2557 1629 2618 inlatam
1668 2558 1941 2628 remitto3
1948 2577 2157 2637 quare
2182 2567 2247 2619 tu
2282 2559 2397 2618 hoc
2436 2557 2579 2630 fae,

357 2649 735 2712 'Mardonie!
776 2663 838 2712 et
863 2662 1076 2712 terram
1103 2670 1300 2711 eorum
1327 2649 1439 2710 illis
1457 2650 1665 2721 redde,
1696 2660 1757 2710 et
1768 2651 1888 2729 ipsi
1914 2661 2129 2730 praeter
2150 2651 2303 2710 hanc
2330 2650 2577 2728 eligant

353 2743 577 2826 ·aliam,
606 2762 1032 2824 quamcumque
1058 2743 1364 2813 voluerint,
1394 2753 1457 2802 et
1476 2743 1563 2802 sui
1581 2743 1727 2819 juris
1764 2754 1980 2802 sunto:
2012 2753 2073 2802 et
2100 2742 2315 2821 templa
2338 2743 2575 2816 omnia,

351 2841 519 2916 ‘quae
545 2856 658 2914 ego
685 2835 951 2908 cremavi,
979 2846 1044 2894 tu
1069 2836 1180 2895 illis
1207 2835 1481 2906 instaura,
1508 2833 1557 2892 si
1584 2831 1761 2893 modo
1786 2810 2123 2893 societatem
2146 2851 2363 2893 mecum
2393 2833 2581 2895 volu-

351 2955 358 2968 ·
387 2929 538 2998 erint
566 2933 836 3012 jungere,
917 2927 1042 2987 Hie
1080 2945 1258 3006 quum
1277 2926 1433 2984 mihi
1458 2925 1707 2985 nuncius
1732 2926 2051 2996 advenerit,
2078 2925 2403 2994 necessario
2428 2926 2593 2994 haec‘

353 3029 362 3052 ³
387 3019 627 3100 exsequi
653 3039 749 3080 me
777 3029 1023 3098 oportet,
1050 3019 1162 3078 nisi
1182 3036 1284 3078 vos
1305 3019 1408 3098 ipsi
1438 3017 1795 3079 obstiteritis.
1837 3017 1977 3078 Hoc
2000 3029 2194 3078 autem
2218 3017 2377 3078 vobis
2396 3018 2579 3088 dico.

384 3114 721 3182 Quid-nunc
741 3112 1091 3172 insanientes
1113 3131 1272 3172 arma
1287 3111 1449 3171 fertis
1470 3121 1673 3171 contra
1694 3111 1963 3190 Regem?
2002 3129 2193 3190 neque
2214 3111 2364 3170 enim
2384 3131 2581 3190 supe-

361 3223 520 3264 ·rare
545 3224 677 3264 eum
705 3203 990 3284 poteritis,
1017 3203 1295 3282 nequein
1322 3222 1495 3263 omne
1520 3204 1778 3262 futurum
1803 3213 2025 3282 tempus
2054 3203 2108 3262 ei
2134 3203 2413 3264 resistere.
2454 3203 2582 3270 Vi-

351 3311 362 3318 *
391 3296 552 3356 distis
580 3296 733 3356 enim
763 3297 1056 3377 copiarum
1098 3296 1314 3356 Xerxis
1342 3293 1761 3354 multitudinem
1788 3306 1849 3355 et
1874 3313 1969 3356 res
1995 3305 2225 3373 gestas3
2266 3284 2582 3362 audivistis

345 3403 354 3408 ·
392 3388 565 3448 etiam
595 3399 810 3470 quanta
834 3408 988 3448 nunc
1015 3389 1100 3448 vis
1121 3389 1196 3448 sit
1215 3406 1443 3448 mecum
1464 3408 1485 3447 ι
1527 3387 1608 3446 ita
1634 3385 1889 3466 quidem,
1911 3397 1989 3458 ut⁴
2010 3386 2233 3448 etiamsi
2260 3405 2361 3446 nos
2381 3405 2583 3468 supe-

315 3511 321 3516 ·
349 3507 358 3514 ·
390 3481 598 3540 raretis
625 3492 685 3540 et
705 3481 1030 3552 vinceretis,
1051 3479 1229 3560 (quod
1251 3479 1509 3558 quidem,
1532 3478 1753 3538 sibene
1772 3479 1989 3558 sapitis,
2009 3477 2343 3558 neutiquam
2364 3497 2581 3558 spera..

391 3573 490 3646 tis)
515 3571 660 3632 alius
675 3573 976 3640 ,exercitus
1001 3572 1192 3634 multis
1211 3570 1469 3650 partibus
1498 3570 2179 3634 numerosioradfuturus
2206 3579 2373 3644 esset,
2436 3571 2585 3650 Nq-

391 3665 513 3724 lite.
535 3664 729 3744 igitur,
771 3665 896 3741 regi
923 3683 1026 3724 vos
1053 3663 1368 3742 sequentes,
1395 3673 1553 3721 terra
1590 3662 1799 3742 privari
1825 3673 2039 3734 vestra,
2080 3671 2139 3721 et
2177 3673 2461 3741 perpetuo
2499 3665 2583 3726 in

345 3763 354 3774 “
389 3757 686 3841 periculo
685 3757 759 3816 de
784 3758 970 3816 salute
997 3767 1186 3816 vestra
1211 3754 1460 3815 versari:
1504 3755 1609 3814 sed
1637 3755 1983 3833 componite
1986 3755 2225 3820 bellum.
2304 3753 2583 3828 Potestas

346 3858 352 3866 “
391 3863 589 3912 autem
627 3834 1060 3931 praeclarissime
1101 3849 1266 3906 illud.-
1285 3847 1667 3926 componere,
1682 3865 1861 3925 quum
1901 3865 2029 3914 rex
2049 3846 2108 3904 in
2148 3846 2303 3906 hanc
2334 3859 2585 3940 partem

345 3953 354 3976 ‘
391 3945 584 4006 animo
605 3945 846 4004 feratur.
929 3942 1134 4001 Estote
1155 3940 1342 4018 liberi,
1363 3959 1651 4003 armorum
1672 3938 1953 4004 societate
1970 3938 2097 3998 sine
2115 3938 2323 3998 fraude
2342 3949 2401 3997 et
2424 3941 2586 4012 dolo
2692 3989 2713 4010 ,

393 4037 697 4098 nobiscum
739 4045 1057 4124 contracta.
1137 4037 1299 4109 (1..4o
1317 4033 1425 4106 2.)
1468 4031 1639 4101 Haec,
1670 4031 2089 4096 Athenienses!
2133 4031 2479 4112 Mardonius
2504 4047 2595 4104 ut

345 4154 368 4166 ··
389 4130 554 4198 vobis
581 4130 836 4189 dicerem
861 4119 1006 4184 mihi
1026 4124 1339 4186 mandavit.
1382 4107 1513 4202 Ego
1538 4141 1677 4182 vero
1704 4123 1779 4182 de
1800 4143 1942 4188 mea
1954 4122 2015 4180 in
2038 4141 2141 4182 vos
2160 4123 2595 4198 benevolentia

340 4231 346 4238 ·
389 4205 534 4279 ffihi'l
574 4222 799 4281 dicam·
841 4239 954 4278 nec
993 4219 1152 4289 enim
1183 4235 1342 4276 nunc
1381 4215 1646 4297 primum,
1688 4199 1852 4294 puto,
1876 4214 2106 4293 experti
2142 4214 2298 4275 illam
2320 4213 2599 4286 fueritis,

393 4312 530 4370 0ιο
564 4325 758 4374 autem
787 4333 888 4372 vos
931 4321 990 4372 et
1017 4312 1276 4381 obsecro,
1293 4319 1621 4386 ,utmorem
1660 4306 1873 4386 gerat—is
1899 4306 2235 4368 Mardonia.
2316 4305 2601 4387 Perspe-

381 4414 552 4464 ‘ctum
581 4406 734 4466 enini
753 4405 954 4492 ‚habeo
981 4403 1106 4464 fieri
1134 4423 1264 4464 non.
1291 4419 1485 4483 posse,
1512 4411 1579 4462 ut
1602 4410 1905 4480 perpetuo
1930 4400 2144 4471 bellum
2180 4399 2399 4482 geratis
2428 4419 2593 4482 qum
