2817 4792
452 264 569 324 362
1101 257 1163 318 H
1170 256 1546 319 ERODo'n
1584 253 1926 319 Hieron.
1965 257 2100 319 vn.

452 383 679 472 gerunt,
704 385 973 470 postridie
996 388 1221 448 revulso
1244 387 1630 460 tabernaculo,
1657 398 1721 448 et
1745 387 1948 448 ablatis
1972 407 2348 470 quaecumque
2371 387 2630 450 moveri

452 492 734 564 poterant,
760 480 1153 552 discedebant,
1180 480 1320 540 nihil
1346 479 1750 560 relinquentes,
1775 479 1884 541 sed
1904 491 2260 560 asportantes
2285 483 2504 542 omnia.

534 579 669 636 120.
711 576 897 640 Qunam
905 573 969 632 in
986 583 1211 652 partem
1228 573 1531 633 commode
1548 573 1762 632 dictum
1773 577 2126 634 ‘memoratur
2139 574 2626 654 Megacneomis,

453 667 593 728 civis
615 665 931 738 Abderita,
955 665 1053 744 qui
1070 664 1247 724 suasit
1266 664 1575 742 Abderitis,
1594 671 1726 724 ut“
1747 665 1900 726 cives
1925 665 2194 743 universi,
2208 687 2394 729 mares
2416 681 2632 748 atque

453 756 719 832 foeminoe,
760 757 972 837 templa
1014 755 1238 818 adirent
1274 776 1396 828 sua,
1435 756 1834 838 supplicesque
1869 769 2244 838 precarentur
2275 781 2314 820 a
2349 760 2508 834 Diis,
2535 774 2629 822 ut

452 851 694 932 posthac
720 849 1005 916 dimidium
1028 847 1443 909 imminentium
1467 849 1748 917 malornm
1771 850 1951 910 velint
1971 851 2210 924 amoliti,
2242 862 2302 912 et
2335 855 2624 931 praeteri-

452 949 641 1006 torum
668 963 867 1003 caussa
893 943 1103 1022 gratias
1130 941 1347 1003 eisdem
1370 941 1478 1000 diis
1503 947 1762 1020 agerent,
1788 942 1949 1022 quod
1975 963 2080 1002 nex
2103 944 2330 1005 Xerxes
2363 964 2490 1006 non
2516 949 2624 1008 bis

451 1037 689 1116 singulis
706 1029 909 1095 diebus
938 1034 1129 1094 cibum
1148 1051 1353 1112 capere
1378 1045 1730 1094 consuesset.
1811 1036 1986 1101 Quod
2011 1037 2060 1095 si
2077 1037 2230 1098 enim
2253 1035 2626 1117 imperatum

455 1127 740 1189 Abderitis
776 1125 995 1196 fuisset,
1036 1123 1332 1203 prandium
1374 1124 1552 1184 etiam
1595 1125 1850 1185 similiter
1889 1137 2064 1206 atque
2110 1147 2331 1188 coenam
2373 1147 2622 1209 parare,

454 1223 694 1282 duorum
739 1219 1073 1278 alterutrum
1110 1216 1223 1275 illis
1258 1215 1434 1275 fuisse
1479 1215 1820 1322 eligendum,
1859 1229 1960 1278 aut
1998 1237 2115 1278 non
2155 1236 2386 1282 manere
2419 1223 2624 1284 adve-

454 1313 707 1372 nientem
734 1310 1009 1380 Xerxem,
1037 1317 1157 1380 aut,
1185 1307 1235 1366 si
1258 1307 1610 1380 mansissent,
1639 1309 1890 1368 omnium
1914 1310 2206 1370 hominum
2227 1314 2476 1391 pessime
2505 1315 2626 1374 ad·

453 1405 647 1466 tritum
670 1402 796 1462 irl.”
875 1400 979 1461 Isti
1010 1400 1201 1480 igitur,
1228 1417 1572 1480 quamquam
1607 1401 1932 1480 gravissime
1955 1401 2188 1476 adflicti,
2215 1413 2404 1484 tamen
2429 1426 2623 1468 exse-

456 1498 573 1558 cuti
599 1506 730 1555 sunt
754 1493 1101 1553 mandatum.
2423 1533 2430 1538 ·

535 1591 669 1648 121.
720 1585 991 1648 Acantho
1019 1583 1243 1644 Xerxes
1266 1583 1512 1644 classem
1535 1603 1574 1644 a
1599 1603 1664 1644 se
1691 1583 1922 1656 dimisit,
1947 1585 2053 1646 iter
2077 1589 2337 1667 persequi
2351 1594 2620 1665 jussam,

456 1679 725 1740 mandato
748 1677 887 1737 dato
923 1673 1233 1756 praefectis,
1260 1685 1329 1734 ut
1352 1675 1583 1736 navales
1622 1676 1804 1756 copioe
1829 1677 1908 1736 ad
1933 1677 2242 1738 Ther-mam
2265 1699 2390 1740 sese
2417 1701 2622 1761 oppe-

453 1773 730 1832 rii-entur.
770 1769 848 1829 ad
892 1767 1043 1828 illam
1069 1767 1201 1828 dico
1223 1767 1550 1838 Thermsm,
1579 1787 1706 1846 quoe
1737 1769 2003 1830 Thermoeo
2026 1772 2168 1830 sinui
2207 1771 2478 1845 imminet,
2507 1775 2626 1854 qui

459 1867 535 1925 ab
558 1864 657 1924 ina
680 1857 853 1922 etiam
876 1867 1086 1920 nomen
1108 1859 1355 1937 invenit:
1387 1859 1500 1918 hac
1527 1859 1676 1918 enim
1703 1861 1944 1920 maxime
1967 1864 2466 1941 compendiariam
2469 1885 2624 1926 esse

457 1958 609 2017 viam
634 1963 993 2034 cognoverat.
1049 1951 1279 2030 Quippe
1306 1971 1343 2010 a
1366 1951 1632 2022 Dorisco,
1649 1965 1833 2030 'usque
1853 1953 2233 2040 Acanthum,
2217 1974 2276 2012 ιιι
2301 1956 2453 2015 hunc
2475 1977 2622 2018 mo-

460 2048 597 2108 dum
622 2046 913 2107 ordinatus
940 2042 1220 2103 exercitus
1246 2043 1466 2103 fecerat
1487 2042 1618 2102 iter.
1699 2044 2026 2108 Terrestres
2074 2065 2268 2106 omnes
2307 2048 2506 2126 copias
2554 2051 2624 2110 in

460 2140 571 2200 tria
586 2137 815 2217 agmina
840 2134 1016 2213 aequis
1036 2137 1161 2194 fere
1177 2119 1434 2212 partibus
1457 2134 1680 2194 Xerxes
1699 2135 1938 2213 putitus
1965 2147 2122 2198 erat:
2143 2142 2379 2216 quorum
2405 2159 2623 2214 unum,

464 2231 559 2292 cui
586 2219 923 2289 Mardonius
950 2235 1010 2284 et
1034 2226 1305 2284 Masistes
1344 2236 1651 2304 proeerant,
1684 2230 1906 2301 jussum
1949 2239 2075 2287 erat
2107 2231 2422 2289 secundum
2447 2249 2626 2294 mare

464 2322 631 2384 simul
658 2340 792 2379 cum
811 2320 989 2378 classe
1016 2318 1125 2376 iter
1146 2318 1376 2376 facete·
1361 2341 1377 2386 ;
1403 2317 1641 2377 alterum
1663 2337 1889 2396 agmen,
1910 2319 2148 2380 ducibus
2169 2322 2629 2387 Tritantaeehme

468 2424 529 2476 et
564 2411 769 2490 Gergi,
794 2417 911 2490 per'
938 2408 1361 2498 mediterranea
1382 2408 1884 2488 proficiscebaturg
1932 2414 2094 2474 tertia
2127 2419 2281 2494 pars,
2317 2434 2451 2475 cum
2492 2437 2628 2498 qua

466 2510 589 2587 ipse
602 2499 751 2564 'erat
789 2501 1030 2574 Xerxes,
1058 2501 1251 2564 media
1292 2501 1638 2562 incedebant
1669 2502 1780 2576 via,
1821 2504 2058 2566 ducibus
2103 2507 2516 2572 Smerdomene
2559 2525 2625 2574 et

466 2597 817 2678 Megaszo.

550 2695 688 2753 122.
730 2687 963 2750 Navalis
988 2687 1163 2767 igitur
1182 2687 1485 2760 exercitus,
1511 2701 1811 2768 postquam
1839 2708 1876 2749 a
1902 2689 2096 2750 Xerxe
2123 2691 2378 2752 dimissus
2403 2702 2517 2766 est,
2555 2709 2624 2756 et

471 2803 579 2868 per
613 2784 827 2844 fossam
862 2779 1167 2860 navigavit,
1206 2800 1335 2858 quae
1360 2791 1468 2860 per
1493 2780 1696 2841 Athon
1731 2792 1984 2841 montem
2009 2782 2070 2841 in
2095 2789 2230 2842 eum
2255 2784 2438 2843 sinum
2479 2804 2625 2866 per..

471 2880 651 2939 ducta
688 2885 833 2946 erat,
873 2885 1047 2952 supra
1090 2891 1263 2951 quem
1304 2874 1476 2932 situm
1517 2883 1609 2934 est
1646 2876 1802 2933 Assa
1837 2873 2126 2953 oppidum,
2171 2887 2234 2936 et
2267 2875 2511 2950 Pilutus,
2561 2892 2628 2940 et

476 2971 708 3049 singnis,
751 2978 812 3026 et
860 2965 1059 3035 Sarta3
1102 2964 1237 3024 inde
1282 2963 1544 3026 adsumta
1589 2985 1664 3025 ex
1705 2965 1796 3026 his
1837 2984 2067 3046 quoque
2113 2969 2338 3048 oppidis
2375 2970 2627 3032 militum

473 3070 665 3132 manu,
686 3057 748 3118 in
776 3057 1139 3117 Thermaeum
1176 3054 1361 3116 sinum
1386 3057 1655 3136 navigare
1689 3058 1960 3137 pen-exit.
2043 3059 2332 3139 Ampelon
2376 3061 2624 3124 circum-

474 3166 697 3224 vectus,
722 3151 1068 3211 Toronoeum
1102 3149 1567 3228 promontorium,
1608 3157 1820 3229 praeter
1866 3151 2106 3211 Groecas
2143 3152 2315 3213 hasce
2355 3152 2628 3216 civitates

476 3244 779 3324 navigavit,
830 3241 1139 3320 Toronam,
1178 3240 1515 3320 Galepsum,
1543 3239 1900 3322 'Sermylsm
1945 3245 2381 3324 Mecybernam,
2425 3247 2626 3327 Olyn-

480 3339 677 3408 thumg
710 3353 751 3396 ‘e
774 3335 975 3416 quibus
998 3335 1141 3394 item
1154 3330 1341 3394 'naves
1360 3345 1431 3394 et
1463 3331 1674 3396 milites
1699 3334 1988 3396 adsumsit.
2065 3337 2300 3398 Nomen
2335 3339 2504 3416 hujus
2531 3360 2629 3402 re-

480 3431 663 3511 gionis
694 3428 953 3489 Sithonia
975 3431 1081 3487 est.

561 3527 699 3583 123.
739 3521 831 3580 Ab
860 3519 1107 3599 Ampelo
1148 3518 1281 3578 dein
1314 3518 1699 3598 promontorio
1733 3518 1886 3578 idem
1917 3520 2187 3582 nauticus
2208 3522 2416 3582 Xerxis
2449 3541 2627 3584 exer-

480 3617 623 3676 eitus
648 3624 868 3674 rectam
888 3612 1039 3671 viam
1066 3611 1144 3670 ad
1171 3613 1562 3672 Cenasti-neum
1597 3612 2040 3690 promontorium
2067 3634 2333 3694 carpene,
2359 3618 2522 3694 quod
2549 3637 2628 3677 ex

482 3708 746 3768 universa
772 3705 1006 3764 Pallene
1030 3704 1273 3764 maxime
1292 3703 1596 3783 prominet,
1615 3724 1788 3764 naves
1808 3704 1943 3764 inde
1963 3716 2025 3765 et
2039 3706 2246 3766 milites
2265 3713 2342 3766 ex
2363 3709 2628 3770 Potidoea

486 3812 548 3862 et
573 3798 787 3879 Aphyti
818 3808 879 3858 et
906 3796 1149 3876 Neapoli
1174 3807 1235 3856 et
1263 3797 1409 3876 AEga
1435 3807 1496 3856 et
1523 3796 1848 3857 Therambo
1887 3807 1948 3856 et
1991 3798 2203 3858 Scione
2227 3810 2288 3860 et
2311 3799 2543 3860 Menda
2559 3811 2628 3860 et

488 3893 642 3954 Sena
668 3889 959 3950 adsumsit.
1039 3888 1193 3948 Haec
1220 3889 1369 3947 enim
1395 3899 1527 3948 sunt
1566 3889 1823 3968 oppida
1807 3908 1865 3947 m
1872 3881 2148 3962 P,allene
2177 3910 2307 3970 quae
2343 3909 2504 3952 nunc
2529 3913 2630 3952 vo-

485 3995 668 4054 catur,
696 3982 835 4053 sita3
863 3980 956 4042 cui
972 3980 1195 4059 regioni
1216 3981 1349 4040 olim
1371 3980 1622 4060 Phlegra
1639 3979 1828 4041 suerat
1845 4002 2077 4045 nomen.
2133 3981 2312 4046 Hanc
2329 3985 2628 4063 regionem

484 4085 909 4160 praetervectus,
930 4075 988 4133 in
1017 4072 1382 4133 constitutum
1408 4074 1601 4134 locum
1625 4072 1930 4151 navigavit,
1951 4075 2136 4136 obiter
2157 4077 2434 4136 adsumtis
2451 4078 2624 4138 etiam

486 4169 663 4252 copiis
689 4187 763 4229 ex
788 4166 1009 4248 oppidis
1035 4163 1287 4226 Pallenes
1310 4164 1582 4238 finitimis,
1609 4175 1675 4226 et
1701 4166 2004 4227 Thermoeo
2030 4167 2179 4228 sinui·
2213 4169 2627 4245 adjacentibus,

486 4273 728 4344 quorum
773 4259 903 4322 haec
940 4271 1080 4321 ‘sunt
1122 4255 1383 4320 nomina:
1441 4257 1713 4339 Liparas,
1766 4259 2071 4333 Combrea,
2118 4261 2290 4333 Lisae,
2339 4261 2626 4341 Gigonos,

492 4358 758 4436 eampse,
789 4355 982 4428 Smila,
1026 4355 1226 4416 AEnea.
1308 4351 1520 4433 Regio,
1561 4353 1620 4413 in
1659 4370 1774 4432 qua
1811 4352 2004 4414 insunt
2035 4354 2162 4415 haec
2199 4351 2432 4434 oppida,
2457 4354 2628 4416 etiam
