2817 4792
1014 283 1576 348 MELPOMENE.
1762 354 1776 364 ,
1911 286 1934 296 -
2268 291 2379 386 eoi

178 411 378 484 lacu,
402 409 557 474 cirea
574 431 747 494 quem
764 413 881 476 feri
900 415 1033 494 equi
1050 425 1369 494 pascuntur
1392 413 1548 476 albi:
1591 431 1803 473 nomen
1827 411 1982 472 lacui
2009 413 2214 475 merito
2239 414 2386 474 indi-

182 513 369 576 tum,
396 503 593 564 Mater
617 507 923 584 Hypanim.
1006 507 1095 566 Ex
1120 507 1237 566 hoe
1262 506 1438 584 igitur
1471 515 1661 564 ortum
1693 504 1927 584 capIeus
1966 505 2258 585 Hypanis,
2285 527 2386 590 per

186 596 475 676 quinque
517 599 736 658 dierum
775 599 1197 677 navigationem
1234 594 1422 660 brevis
1463 597 1610 667 fluit,
1642 607 1704 656 et
1746 597 1934 656 duleis
1975 597 2210 664 adhuc:
2249 598 2388 658 inde

184 702 381 757 vero,
410 689 489 748 ad
524 700 772 768 quatuor
794 686 1027 750 'dierum
1052 709 1099 750 a·
1113 688 1255 748 mari
1294 688 1736 766 mitigationem,
1779 707 2006 748 amarus
2031 688 2344 748 admodum
2369 710 2383 749 ε

196 773 415 836 influit
440 780 683 840 enimin
706 799 839 841 eum
866 782 993 840 fons
1020 799 1263 854 amarus,
1290 781 1374 844 ita
1398 779 1632 859 quidem
1659 799 1902 851 amarus,
1929 790 2014 863 ut,¹
2037 800 2386 858 quamquam

198 867 489 948 exiguus,
522 869 747 932 inficiat
768 872 962 933 tamen
1000 891 1202 953 sapore
1230 893 1333 932 suo
1378 872 1674 952 Hypanin,
1704 872 1942 933 fluvium
1963 872 2114 932 inter
2133 873 2394 946 minores

204 980 519 1040 magnum.
600 964 711 1024 Est
735 976 929 1026 autem
949 966 1044 1025 hic
1070 966 1201 1026 fons
1226 966 1285 1024 in
1311 964 1630 1026 confinibus
1651 976 1828 1023 terroe
1858 964 2202 1044 Scytharum
2233 963 2384 1043 agri·
2413 979 2424 990 ‘

199 1053 480 1112 eolamin
500 1066 561 1114 et
590 1057 915 1116 Alazonum
940 1077 957 1116 ι
985 1075 1198 1116 nomeu
1210 1057 1371 1127 fontI,
1395 1065 1458 1115 et
1474 1056 1578 1135 ipsi
1593 1055 1725 1116 l'oco
1748 1055 1901 1116 unde
1928 1057 2078 1127 fluit,
2103 1055 2384 1136 scythica

197 1145 423 1224 lingua
434 1145 771 1224 Emmpaeus,
806 1150 1150 1210 Graecorum
1164 1169 1303 1210 vero
1318 1168 1584 1210 sermone
1602 1149 1786 1208 διιέναι
1797 1150 1918 1207 vioe.
1967 1149 2039 1206 In
2057 1149 2386 1212 Alazonum

199 1238 461 1316 regione
500 1241 739 1300 modico*
755 1260 795 1300 a
840 1260 905 1300 se
930 1242 1175 1302 invicem
1204 1241 1502 1303 intervallo
1544 1239 1730 1300 fluunt
1772 1239 1958 1319 Tyras
1985 1231 2046 1300 et
2075 1241 2382 1320 Hypanim

206 1329 441 1390 deinde
482 1351 619 1390 vero
664 1350 895 1392 cursum
930 1345 1171 1413 uterque
1195 1333 1461 1402 inflectit,
1484 1333 1652 1398 latius
1687 1332 2046 1392 intervallum
2083 1333 2146 1390 in
2189 1333 2382 1392 medio

212 1421 581 1500 reiinquens.
685 1431 695 1438 '

298 1517 411 1574 53
446 1516 699 1580 Quartus
720 1517 923 1576 fluvius
948 1516 1299 1592 Borysthenes
1326 1526 1434 1587 est,
1463 1515 1741 1574 maximus
1767 1515 1970 1573 horum
1998 1524 2130 1592 post
2155 1515 2386 1587 Istrum,

160 1666 169 1674 .
207 1604 501 1683 idemque
538 1607 879 1680 uberrimus,
904 1620 969 1668 ut
995 1628 1125 1668 mea
1148 1609 1261 1666 fert
1289 1607 1589 1677 sententia,
1629 1626 1742 1664 non
1769 1606 1943 1664 modo
1987 1605 2392 1684 Scythicorum

210 1696 545 1768 fluminum,
565 1700 675 1758 sed
696 1711 756 1758 et
782 1701 1019 1759 aliorum
1038 1700 1307 1770 omnium,
1332 1700 1470 1758 Nilo
1500 1698 1776 1779 AEgyptio
1799 1707 2048 1776 excepto
2073 1718 2087 1756 :
2119 1717 2250 1756 cum
2269 1699 2386 1758 hoc

211 1789 377 1846 enim
400 1790 648 1849 conferri
668 1793 859 1852 nullus
884 1793 1028 1852 alius
1048 1791 1253 1851 fluvius
1284 1801 1494 1870 potest,
1524 1790 1872 1868 reliquorum
1899 1809 2038 1848 vero
2067 1790 2388 1848 uberrimus

210 1880 619 1959 Borysthenes
662 1895 769 1942 est.
860 1886 1095 1947 Praebet
1120 1885 1271 1960 'enim
1305 1903 1522 1963 pascua
1547 1883 1854 1961 pecoribus
1899 1881 2284 1961 pulcherrima
2325 1893 2388 1942 et

214 1973 447 2050 ogssime
458 1975 665 2036 'curata
686 1999 703 2045 ;
728 1977 949 2054 praebet
974 1977 1163 2054 pisces
1200 1977 1381 2054 longe·
1410 1975 1658 2054 optimos
1697 1987 1758 2034 et
1785 1973 2200 2053 copiosissimos
2227 1998 2244 2042 ς
2270 1984 2386 2033 est-

210 2081 343 2140 que
370 2075 571 2142 potatu
598 2067 989 2137 dulcissimus;
1028 2069 1153 2128 fluit
1178 2068 1444 2147 limpidus
1471 2069 1532 2126 in
1556 2065 1764 2128 vicinia
1784 2061 2139 2129 turbidorum
2163 2089 2178 2134 ;
2219 2084 2388 2144 seges

204 2157 391 2232 juxta
410 2174 544 2216 eum
570 2159 637 2217 fit
680 2161 925 2238 optima;
966 2173 1046 2232 et,
1088 2161 1187 2221 ubi
1212 2181 1331 2220 non
1368 2157 1575 2221 seritur
1602 2171 1776 2231 terra,
1817 2156 1900 2218 ibi
1924 2160 2107 2219 herba
2132 2159 2388 2218 nascitur

212 2244 535 2318 altissima3
580 2252 656 2310 ad
675 2253 1011 2328 ostiumejus
1038 2255 1121 2312 sal
1158 2251 1484 2314 concrescit
1509 2263 1758 2331 sponte3
1801 2261 1863 2309 et
1889 2261 2020 2310 cete
2048 2249 2128 2310 ibi
2157 2252 2382 2329 praebet

214 2338 431 2398 fluvius
450 2341 723 2418 ingentia,
749 2364 893 2421 quos
920 2354 1181 2420 antacoeos
1206 2343 1436 2412 vooant,
1458 2340 1553 2420 qui
1575 2345 1694 2401 sale
1713 2343 2060 2402 condiuntur
2083 2367 2099 2412 3
2139 2339 2392 2422 denique

218 2431 344 2490 alia
368 2433 547 2492 multa
570 2435 779 2494 miratu
800 2434 1023 2514 digna..
1076 2435 1277 2514 Usque
1297 2435 1375 2494 ad
1400 2431 1616 2504 locum,
1641 2435 1735 2492 cui
1763 2435 2024 2494 Gerrhus
2049 2450 2281 2504 nomen,
2313 2435 2392 2494 ad
2449 2507 2456 2514 ὁ

218 2541 401 2600 quem
426 2526 715 2604 navigatio
750 2539 839 2586 est
863 2525 1240 2626 quadraginta
1280 2527 1518 2597 dierum,
1559 2538 1944 2604 compertum
1951 2536 2040 2586 est
2067 2547 2102 2585 a
2141 2537 2390 2606 septem-

216 2615 411 2676 trione
448 2618 633 2680 fluere
675 2621 837 2680 hunc
864 2617 1129 2680 a'mner'n·
1171 2617 1410 2680 ulterius
1447 2635 1586 2678 vero
1612 2636 1716 2697 per
1751 2633 1896 2696 quos
1937 2613 2198 2676 homines
2226 2619 2390 2689 fluat,

223 2706 465 2770 dicere
450 2727 620 2770 nemo
659 2710 867 2790 potest.
952 2713 1193 2772 Constat
1218 2708 1429 2782 autem,
1465 2729 1572 2789 per
1613 2707 1902 2768 desertum
1929 2709 2154 2773 fluere
2137 2728 2198 2766 ιιι
2243 2709 2390 2788 Scy-

219 2799 452 2858 thamm
476 2802 853 2883 agricolarum
872 2804 1205 2881 regionem:
1230 2803 1293 2861 hi
1314 2803 1463 2862 enim
1482 2807 1648 2876 juxta
1663 2799 1826 2857 illum
1843 2799 1922 2858 ad
1938 2798 2148 2858 decem
2165 2798 2390 2857 dierum

220 2890 645 2971 navigationem
664 2887 943 2956 habitant.
986 2892 1179 2974 Hujus
1200 2895 1367 2955 unius
1393 2893 1550 2952 fluvii
1577 2904 1755 2971 atque
1782 2892 1900 2949 Nili
1925 2890 2182 2950 indicare
2197 2891 2392 2956 fontes

222 3002 353 3043 non·
366 2983 640 3064 possum:
683 3001 825 3068 puto
852 2983 1065 3060 aute'm,
1106 3007 1217 3046 nec
1240 2983 1420 3044 'ullum
1445 2983 1614 3062 posse
1640 2981 2002 3043 Graecorum.
2083 2982 2204 3042 Ubi
2230 2983 2390 3044 haud

221 3078 429 3154 procul
456 3080 647 3140 amari
666 3081 793 3138 fluit
824 3078 1234 3160 BorystheneS,
1264 3078 1342 3136 ibi
1371 3077 1426 3136 ei
1451 3074 1720 3136 miscetur
1742 3071 2030 3153 Hypanisg
2059 3072 2200 3132 etin
2229 3094 2389 3134 eum-

225 3169 363 3226 dem
381 3169 571 3230 laeum
592 3191 657 3232 se
681 3181 979 3232 exonerat.
1040 3172 1217 3238 Quod
1242 3171 1318 3229 ibi
1332 3163 1816 3245 inter‘utrumque
1837 3166 2069 3229 fluvium
2085 3166 2388 3241 interjacet

222 3260 407 3332 veluti
432 3269 678 3322 rostrum·
704 3271 895 3336 terrae,
924 3265 1185 3342 Hippotai
1204 3256 1620 3340 promontorium
1646 3255 1904 3328 vocatur,
1935 3259 1994 3316 in
2035 3275 2150 3336 quo
2179 3257 2386 3318 Dianae

222 3353 507 3448 templum
523 3361 875 3416 exstructum
900 3381 915 3414 ε
942 3357 1095 3414 ultra
1112 3355 1177 3414 id
1192 3353 1480 3433 -templum
1505 3369 1642 3411 vero
1670 3350 1744 3410 ad
1767 3351 2044 3429 Hypanin
2071 3351 2386 3430 Borysthe-

226 3443 367 3506 nitoe'
392 3448 667 3511 habitant.
751 3444 903 3510 Haeo
926 3461 1058 3510 sunt
1086 3445 1229 3528 qum
1248 3449 1320 3508 de
1348 3449 1436 3508 his
1460 3437 1646 3506 fluviis
1665 3445 2047 3504 memoranda
2072 3446 2266 3505 habui.

302 3544 405 3601 54.
446 3542 588 3603 Post
611 3545 718 3604 hos
758 3545 987 3622 quintus
1014 3536 1103 3600 est
1124 3534 1387 3612 fluvius,
1374 3540 1476 3600 cui
1503 3556 1714 3598 nomen
1758 3537 2106 3613 Panticapes,
2188 3535 2380 3596 Etiam

228 3631 326 3693 hic
368 3657 407 3697 a
434 3627 847 3715 septemtrione
881 3637 1025 3705 finit,
1064 3644 1132 3694 et
1164 3651 1238 3693 ex
1278 3633 1409 3692 lacu
1453 3641 1639 3691 ortum
1673 3630 1863 3708 capit3
1903 3623 2380 3707 ἰιιιειζῑεοιαιιιῳιο

225 3727 377 3790 inter
416 3730 573 3787 hune
596 3727 691 3788 et‘?
703 3717 1124 3812 Borysthenem
1152 3717 1446 3804 regionem
1489 3722 1749 3782 incoiunt
1779 3721 2014 3800 Scythae
2043 3721 2377 3798 Agricolae:

227 3807 365 3880 dein
372 3827 519 3910 tunc
546 3820 817 3900 Hylaeum
835 3830 1107 3900 permeat,
1136 3833 1251 3898 qua
1269 3808 1598 3876 transmissa
1618 3813 1964 3892 Borystheni
1990 3813 2282 3873 miscetur.

308 3918 405 3974 55.
436 3915 651 3985 Sextus
666 3914 889 3984 fluvius,⁴
908 3910 1237 3990 Hypaqtsr'is,
1260 3921 1564 3990 postquam
1581 3929 1616 3967 e
1634 3909 1769 3967 lacu
1787 3898 1940 3978 exiit,
1961 3921 2022 3964 et
2037 3925 2142 3984 per
2159 3907 2384 3965 medios

234 3991 481 4084 Scythas
496 4005 805 4067 Nomades
844 4006 1031 4076 fluxit,
1060 4004 1265 4064 ostium
1306 4003 1490 4062 habet
1516 4019 1697 4080 prope
1728 3991 2043 4058 Carcinitin
2081 3998 2378 4076 oppidum,

230 4115 267 4156 a
282 4095 481 4157 dextra
504 4085 831 4177 relinquens
850 4098 1123 4178 Hylaeum
1150 4105 1209 4157 et
1230 4081 1562 4156 Achilleum
1587 4081 1685 4170 qui
1712 4100 1949 4156 vocatur
1967 4088 2259 4148 NDromon

307 4191 741 4270 56.Septim1·1s
778 4191 998 4262 fluvius,
1044 4189 1305 4259 Gerrhus,
1354 4207 1429 4246 ex
1471 4182 1834 4264 Borysthene
1874 4181 1992 4241 exit
2031 4179 2184 4238 circa
2222 4175 2379 4237 illam
2425 4205 2430 4208 ·

230 4283 476 4362 regionis
502 4295 743 4364 partem,
768 4305 949 4364 usque
976 4283 1053 4343 ad
1076 4301 1246 4361 quam
1272 4279 1538 4359 cognitus
1582 4275 1972 4354 Borysthenes
2013 4281 2142 4339 est;
2181 4270 2316 4329 inde
2343 4291 2382 4330 a

233 4376 592 4457 Borysthene
632 4378 950 4450 distinctus,
993 4393 1201 4442 nomen
1244 4371 1422 4432 habet
1461 4371 1643 4430 idem
1639 4366 1814 4464 quod
1851 4365 1970 4427 loci
2015 4381 2225 4422 nomen
2268 4374 2378 4436 est,

1270 4469 1310 4526 2
1351 4483 1394 4524 ι)
