2817 4792
470 291 595 352 290
1070 293 1520 357 HERODOTI
1563 242 1902 354 Hls'ron.
1945 293 2054 354 VI.

468 416 787 478 triremibus
828 437 903 478 ex
926 419 1034 490 his,
1074 441 1208 498 qum
1230 423 1307 479 ad
1332 439 1534 480 manus
1571 432 1757 492 erant,
1781 419 2026 500 pecunia
2049 431 2112 480 et
2141 418 2266 479 aliis
2305 420 2492 490 rebus
2519 415 2642 497 press

469 509 633 569 tiosis
659 509 921 589 impletis,
952 511 1215 571 Athenas
1242 505 1548 590 navigavit.
1630 512 1787 572 Dum
1814 533 1971 584 vero,
2001 532 2074 574 ex
2103 512 2312 572 Cardia
2336 513 2492 570 urbe
2518 525 2643 590 pro-

2765 541 2767 554 A

466 601 677 672 fectus,
720 621 823 681 per
858 603 1039 662 sinum
1084 603 1325 663 Melana
1362 603 1658 680 navigans,
1709 605 2148 682 pretet-vehitur
2187 605 2636 671 Chersonesum,
2765 637 2767 646 =

472 705 785 753 occurrunt
800 694 1043 753 navibus
1082 697 1205 768 ejus
1232 693 1554 754 Phoenices.
1639 695 1720 754 Et
1755 695 1882 774 ipse
1915 696 2152 774 quidem
2179 694 2494 754 Miltiades
2518 712 2638 752 cum

476 793 718 862 quatuor
740 785 977 846 navibus
1006 786 1259 845 Imbrum
1286 784 1530 863 effugit3
1577 786 1832 863 quintam
1857 806 1998 847 vero
2023 798 2448 866 persequentes
2477 785 2638 844 Phoe-
2765 827 2767 834 .

474 875 633 936 nices
660 887 953 955 ceperunt,
984 877 1079 936 cui
1112 878 1243 937 navi
1266 877 1576 956 praefectus
1605 889 1730 938 erat
1771 879 2054 938 Miltiadis
2097 879 2245 938 filius
2273 889 2422 938 natu
2462 875 2638 936 maxi·

474 986 601 1027 mus
643 968 997 1039 Metioehus,
1021 987 1139 1028 non
1172 989 1251 1030 ex
1294 969 1460 1028 Olori
1489 969 1719 1049 quidem
1767 971 2006 1030 Thracis
2043 967 2164 1029 filia
2199 973 2392 1040 natus,
2423 969 2534 1028 sed
2571 985 2636 1026 ex

475 1058 589 1118 alia
612 1079 829 1120 uxore:
870 1069 1045 1139 atque
1070 1062 1227 1121 hunc
1253 1061 1420 1120 ιιίιιιιιῙ
1449 1079 1578 1122 cum
1619 1063 1750 1122 navi
1779 1073 2061 1141 ceperunt
2087 1061 2422 1121 Phoenices.
2505 1059 2631 1129 Qui,

471 1160 537 1210 ut
576 1151 925 1211 resciverunt
972 1153 1252 1214 Miltiadis
1300 1145 1426 1232 esse
1465 1151 1666 1223 filium,
1707 1155 1784 1214 ad
1824 1155 2020 1233 regem
2063 1173 2196 1214 eum
2241 1153 2630 1220 abduxerunt,

472 1239 765 1319 ingentem
792 1244 1179 1306 existimantes
1206 1245 1450 1324 gratiam
1475 1264 1540 1304 se
1573 1246 1812 1306 inituros
1838 1250 2072 1325 propter
2089 1245 2442 1306 sententiam
2469 1261 2632 1322 quam

476 1333 535 1392 in
582 1333 1060 1398 Ionum-concilio
1088 1337 1311 1400 dixerat
1337 1337 1658 1409 Miltiades,
1687 1357 1868 1418 quum
1893 1339 2020 1398 illos
2047 1339 2376 1398 hortaretur
2418 1337 2636 1394 obtem-

473 1443 679 1504 perare
707 1425 937 1507 Scythis
974 1430 1328 1508 rogantibus,
1374 1441 1442 1490 ut
1485 1441 1720 1510 pontem
1765 1431 2052 1492 solverent
2075 1433 2248 1490 Iones
2289 1430 2636 1506 domumque

470 1517 827 1596 navigarent.
913 1521 993 1580 At
1036 1522 1251 1582 Darius
1270 1587 1277 1594 ⁶
1295 1535 1600 1602 postquam
1639 1523 1716 1584 ad
1755 1543 1889 1583 eum
1933 1523 2230 1582 Phoenices
2270 1519 2632 1581 Metiochum

472 1608 753 1672 Miltiadis
792 1612 970 1674 filium
1010 1615 1395 1688 adduxerunt,
1427 1616 1564 1674 nihil
1613 1615 1917 1678 Metiocho
1943 1615 2080 1676 mali
2120 1614 2282 1684 fecit,
2311 1613 2424 1672 sed
2463 1613 2632 1671 mults

468 1702 531 1762 in
560 1723 693 1766 eum
717 1704 1003 1766 beneficia
1028 1708 1268 1768 contulit
1294 1731 1313 1768 z
1354 1728 1489 1768 nam
1515 1720 1578 1768 et
1605 1708 1838 1770 domum
1867 1719 1928 1768 et
1957 1707 2342 1788 possessiones
2369 1707 2433 1765 ei
2461 1705 2628 1772 dedit,

474 1806 535 1878 et
552 1795 855 1858 Persicam
896 1817 1150 1871 uxorem,
1176 1819 1257 1860 ex
1296 1821 1410 1880 qua
1447 1801 1502 1860 ei
1527 1801 1648 1861 nati
1675 1810 1807 1864 sunt
1831 1801 1954 1872 filii,
1987 1801 2086 1880 qui
2116 1796 2628 1860 Persarum'ordini

474 1899 611 1950 sunt
636 1889 929 1969 adscripti.
974 1947 981 1952 ,
1013 1893 1101 1952 Ex
1122 1893 1317 1953 Imbro
1342 1913 1482 1953 vero
1513 1891 1810 1954 Miltiades
1839 1895 2104 1954 Athenas
2119 1892 2402 1972 pervenit.

552 1984 653 2042 42.
697 1982 886 2064 Atque
908 2002 980 2046 eo
1020 2002 1171 2046 anno
1198 1985 1337 2046 n'ihil
1374 1985 1616 2064 amplius
1641 1985 1852 2046 hostile
1878 1986 2152 2046 adversus
2180 1985 2352 2044 Ionas
2377 2004 2422 2042 a
2449 1979 2627 2040 Persis

472 2083 803 2152 susceptum
852 2085 975 2144 est;
1004 2074 1191 2138 immo
1218 2096 1355 2138 vero
1380 2077 1512 2138 hoec
1537 2077 1698 2139 utilia
1724 2077 1961 2138 Ionibus
1985 2077 2103 2138 hoc
2130 2097 2278 2136 anno
2317 2074 2627 2155 contigere.

472 2166 889 2246 Artaphernes,
936 2166 1201 2235 Sardium
1226 2170 1560 2247 praefectus,
1603 2169 1884 2230 arcessitis
1931 2170 2138 2253 legatis
2175 2188 2249 2226 ex
2291 2165 2623 2232 civitatibus,

476 2257 673 2334 coegit
702 2258 894 2327 Ionas,
936 2269 1002 2318 ut
1026 2260 1321 2337 pactiones
1363 2272 1590 2322 mutuas
1617 2249 1877 2322 facerent
1905 2263 1981 2321 de
2007 2262 2200 2321 litibus
2245 2278 2324 2319 ex
2342 2259 2495 2334 ,iuris
2519 2255 2622 2314 for-

472 2349 629 2410 mula
655 2349 1001 2423 dirimendis,
1027 2367 1137 2412 nec
1177 2373 1351 2432 porro
1393 2355 1452 2412 vi
1479 2366 1540 2414 et
1579 2354 1750 2416 armis
1775 2355 1926 2416 inter
1955 2374 2020 2415 se
2059 2363 2320 2432 agerent.
2409 2351 2492 2408 Et
2523 2348 2622 2406 hoc

364 2457 369 2464 ·
474 2461 577 2502 eos
604 2441 800 2502 facere
828 2428 1041 2522 coegit,
1069 2455 1131 2504 et
1149 2453 1325 2505 terras
1350 2446 1686 2506 eorumdem
1706 2466 1810 2525 per
1827 2462 2168 2524 parasangas
2192 2444 2508 2516 dimensus,
2533 2438 2627 2518 (sic

473 2533 670 2594 Persae
715 2553 1043 2596 mensuram
1070 2549 1280 2599 vocant
1305 2539 1544 2617 triginta
1565 2539 1904 2614 stadiorum)
1931 2539 2144 2599 tributa
2169 2536 2500 2616 quibusque
2535 2532 2623 2589 im-

473 2625 682 2710 posuit,
711 2646 841 2706 quoe
867 2627 941 2688 ab
964 2628 1067 2689 illo
1093 2629 1231 2690 inde
1247 2642 1510 2711 tempore
1537 2641 1868 2694 constanter
1887 2629 1964 2690 ad
1990 2649 2177 2689 meam
2193 2647 2374 2708 usque
2404 2636 2622 2686 aetatem

472 2716 677 2782 eadem
722 2729 973 2792 manent,
1020 2721 1169 2780 sicut
1212 2723 1285 2782 ab
1328 2722 1694 2802 Artapherne
1743 2722 2052 2783 constituta
2093 2731 2263 2780 sunt.
2325 2719 2622 2780 constituta

468 2819 667 2872 autem
692 2811 767 2874 ab
794 2809 893 2874 illo
916 2821 1053 2872 sunt
1076 2814 1201 2873 fere
1230 2814 1434 2876 eadem
1475 2814 1806 2876 conditione
1835 2824 2006 2893 atque
2045 2801 2202 2893 prius
2227 2811 2474 2872 fuerant.
2553 2807 2623 2865 Et

472 2899 603 2962 haec
630 2900 875 2980 quidem
892 2915 1100 2983 pacata
1124 2905 1235 2966 illis
1262 2907 1646 2990 contigerunt.

544 2998 651 3054 43.
690 2993 887 3056 Primo
912 3008 1107 3059 autem
1134 3018 1291 3071 vere,
1325 3001 1559 3080 reliquis
1599 3000 2031 3082 imperatoribus
2067 3000 2298 3060 domum
2323 2994 2564 3064 dimissis
2585 3010 2618 3074 a

473 3106 635 3166 rege,
661 3089 1003 3152 Mardonius
1028 3091 1286 3172 Gobryae
1310 3093 1462 3158 filius
1489 3095 1568 3154 ad
1593 3111 1750 3156 mare
1777 3093 2099 3164 descendit,
2127 3092 2424 3170 ingentem
2443 3100 2502 3149 et
2525 3104 2617 3164 pe·

473 3179 724 3240 destrem
754 3181 1069 3244 exercitum
1097 3184 1333 3257 ducens,
1364 3197 1426 3245 et
1450 3187 1733 3258 navalem.
1816 3188 2009 3246 AEtate
2038 3184 2266 3261 juvenis
2299 3183 2346 3242 is
2385 3187 2530 3249 erat,
2567 3185 2618 3234 et

474 3281 659 3350 nuper
686 3271 837 3350 regis
862 3271 1027 3332 Darii
1052 3275 1225 3336 filiam
1246 3278 1638 3338 Artszostram
1665 3278 1912 3338 duxerat
1932 3296 2190 3348 uxorem.
2267 3272 2434 3334 Huic
2461 3271 2617 3352 igitur

474 3362 751 3424 exercitui
774 3365 1084 3442 praefectus
1110 3369 1472 3442 Mardonius,
1510 3382 1810 3449 postquam
1836 3370 1896 3430 in
1933 3368 2192 3428 Ciliciam
2227 3364 2506 3451 pei-venit,
2530 3378 2618 3419 na-

474 3461 619 3517 vem.
637 3456 765 3535 ipse
786 3460 1153 3531 conscendit,
1174 3472 1235 3520 et
1263 3481 1397 3522 cum
1438 3463 1668 3542 reliquis
1694 3461 1930 3521 navibus
1957 3471 2048 3520 est
2075 3461 2398 3538 protectum
2453 3453 2618 3538 Pede·

472 3558 651 3614 strem
678 3567 814 3612 vero
842 3551 1165 3632 exercitum
1192 3553 1287 3612 alii
1309 3554 1490 3614 duces
1509 3555 1588 3614 ad
1611 3554 2054 3633 Hellespontum
2075 3551 2381 3611 duxerunt.
2439 3549 2616 3612 Quum

472 3657 625 3703 vero
640 3640 843 3713 Asiam
868 3645 1355 3750 praeternavigans
1384 3646 1724 3706 Mardonius
1762 3646 1840 3705 ad
1868 3642 2088 3704 Ioniam
2113 3639 2484 3721 pervenisset,
2510 3652 2618 3694 rem

358 3796 366 3805 .
475 3731 571 3793 hic
596 3751 711 3814 ego
744 3731 935 3796 dicam
973 3737 1224 3797 maxime
1262 3738 1464 3798 miram
1502 3738 1583 3798 eis
1624 3737 1874 3806 Graecis,
1902 3736 2019 3819 qui
2023 3733 2130 3796 sibi
2157 3731 2492 3814 persuaderi
2513 3743 2615 3786 non

471 3822 773 3901 patiuntur,
805 3813 1050 3886 Otanen
1062 3846 1237 3886 unum
1266 3848 1301 3886 e
1312 3839 1551 3908 septem
1577 3829 1687 3890 illis
1728 3827 1920 3888 Persis
1945 3847 2046 3905 pro
2071 3825 2361 3886 sententia
2401 3820 2612 3902 dixisse,

463 3916 768 3992 populare
746 3919 1023 3991 emperiam
1048 3921 1194 3995 apud
1218 3919 1420 3980 Persas
1443 3921 1628 3980 debere
1653 3920 1886 3979 institui.
1971 3919 2236 3995 Namque
2266 3895 2610 3978 Mardonius,

470 4006 749 4084 abrogato
776 4020 1144 4091 tyrannorum
1160 4012 1416 4073 omnium
1435 4014 1586 4073 inter
1602 4012 1806 4082 Ionas*
1792 4011 2048 4090 imperio,
2065 4009 2401 4090 popularem
2423 4015 2614 4064 statum

464 4098 529 4166 in
554 4097 877 4186 civitatibus
902 4101 1159 4169 instituit.
1243 4103 1334 4162 Eo
1358 4103 1561 4168 facto
1543 4120 1605 4162 ιιι
1640 4104 2088 4182 Hellespontum
2115 4099 2462 4180 properavit.
2537 4089 2610 4151 Ut

464 4209 607 4251 vero
634 4203 841 4256 coacta
865 4204 955 4262 est
982 4214 1191 4273 magna
1216 4195 1298 4254 vis
1326 4197 1573 4268 navium,
1601 4207 1662 4257 et
1685 4193 2008 4256 collectus
1991 4211 2196 4271 ingens
2215 4189 2494 4272 pedestris
2518 4202 2609 4244 ex·

462 4282 697 4354 ercitus,
728 4285 965 4354 navibus
992 4298 1273 4367 superato:
1290 4288 1696 4367 Hellesponto,
1724 4307 1830 4366 per
1857 4275 2162 4367 *Europam
2187 4284 2297 4346 iter
2320 4283 2602 4344 fecerunt·
2591 4316 2605 4331 ·

450 4374 965 4460 proficiscebantur
982 4390 1177 4451 autem
1206 4381 1480 4444 adversus
1501 4372 1788 4444 Eretriam
1815 4390 1876 4440 et
1898 4379 2179 4440 Athenas.
