2817 4792
1121 303 1394 372 cmo·
1666 319 1715 372 :1
2223 307 2330 366 592

164 441 360 490 retum*
389 429 524 497 His
563 429 752 514 factis,
779 428 913 494 diris
943 430 1286 506 juramentis
1324 425 1565 500 invicem
1603 429 1878 500 adstricti,
1909 429 2127 508 egressi
2154 440 2325 500 sunt,-

155 533 212 580 et
231 520 447 582 fortiter
471 521 1076 601 pugnantesfxanthii
1099 541 1314 592 ‚omnes
1357 522 1639 593 obierunt.
1724 515 1941 581 Eorum
1967 521 2327 600 Lyciorum„
2402 563 2407 572 .

164 613 248 688 qui
271 603 464 684 nostra,
490 623 668 683 aetate
687 613 978 685 ,xanthios
1003 631 1068 673 se
1093 631 1226 686 ,esse
1252 613 1589 692 proedicant,
1606 613 1845 683 advene
1873 623 2011 673 sunt
2028 613 2309 690 plerique,

168 705 404 783 exceptis
431 705 735 784 octoginta
757 705 1020 777 familiis,
1005 730 1020 744 ·
1059 725 1190 784 qum
1215 705 1449 764 familioe
1484 715 1623 764 tunc
1658 704 1930 784 temporis
1955 704 2109 772 forte
2136 703 2309 764 domo

169 799 409 869 aberant,
437 807 616 878 atque
641 798 726 858 ita
759 798 1179 876 superfuerunt.
1264 797 1501 857 Xantho
1536 797 1711 874 igitur
1746 797 1843 856 tali
1884 797 2055 854 modo
2094 788 2311 872 potitus

136 889 464 996 Harpagus
491 901 604 950 est.
688 890 868 950 Simili
907 910 1046 950 vero
1085 890 1304 950 ratione
1331 890 1505 948 etiam
1538 890 1744 951 Cauno
1770 900 1859 948 est
1886 875 2139 966 potitus;
2178 905 2311 945 nam

136 989 226 1040 et
251 981 449 1042 Caunii
477 983 682 1059 majori
705 1001 779 1042 ex
807 992 973 1060 parte
998 981 1216 1060 Lycios
1243 992 1378 1040 sunt
1403 980 1627 1040 imitati.
2320 1017 2331 1046 ,·

246 1073 952 1150 177.1nferiorem1gitur
970 1073 1172 1134 Asiam
1195 1063 1427 1150 subegit
1444 1073 1777 1152 Harpagus,
1806 1071 2103 1150 superiora
2120 1077 2315 1143 autem

177 1163 310 1222 Asiae
341 1165 532 1244 Cyrus
572 1165 729 1244 ipse3
771 1166 1025 1244 singulos
1053 1165 1353 1244 populos
1339 1185 1398 1222 ιιι
1440 1176 1786 1243 potestatem
1824 1183 1986 1234 suam
2028 1163 2337 1239 redigens..

178 1255 500 1336 nullumque
521 1249 988 1338 praetermittens.
1071 1258 1254 1336 Cujus
1280 1276 1376 1316 res
1407 1268 1613 1333 gestas
1640 1255 1947 1335 plerasque
1972 1253 2203 1332 quidem
2239 1248 2331 1316 ιιίἑ,

180 1346 339 1432 lentio
378 1367 485 1408 nos
526 1347 989 1450 praeteribimus.
1029 1366 1162 1426 quoe
1213 1367 1349 1408 vero
1400 1347 1643 1426 plurimo
1698 1367 1831 1407 cum
1878 1347 2077 1405 labore
2120 1342 2331 1422 gessit,

183 1458 366 1516 quaeve
390 1459 510 1518 prae
539 1439 764 1500 ceteris
802 1439 1048 1530 maxime
1092 1450 1226 1500 sunt
1263 1439 1674 1518 memorabilia,
1702 1458 1903 1499 eorum
1931 1437 2137 1510 faciam
2168 1453 2323 1496 men

185 1529 398 1592 tionem.
2324 1571 2335 1600 ,

207 1626 380 1686 178.
402 1624 706 1696 Universo
733 1625 1066 1695 continente
1092 1625 1376 1686 inferioris
1405 1626 1579 1695 Asiae
1596 1595 1870 1706 potestati
1896 1643 2013 1684 suae
2038 1590 2323 1702 subjecto,
2354 1611 2359 1618 ’

190 1717 438 1795 Assyrios
475 1718 696 1778 cuns
737 1719 1048 1796 adgressus
1095 1729 1204 1778 est.
1275 1719 1425 1776 Sunt
1462 1729 1657 1778 autem
1698 1717 1961 1795 Assyriae
1982 1735 2156 1793 quum
2197 1715 2331 1782 alim

191 1809 383 1868 urbes
365 1809 622 1887 insignes
647 1809 861 1880 multae,
887 1819 1012 1882 tum
1039 1809 1362 1880 'clarissima
1403 1809 1655 1876 omnium
1694 1806 2173 1875 etmunitissrma,
2192 1823 2336 1883 qum,
2430 1801 2438 1808 ’

190 1911 310 1977 post·
336 1901 550 1960 Ninum
593 1921 852 1960 eversam
891 1900 1054 1979 regia
1093 1901 1282 1977 sedes,
1303 1911 1447 1972 erat,
1494 1901 1795 1979 Babylon3
1836 1901 2021 1976 cujus·
2040 1897 2165 1956 hoec
2206 1903 2333 1956 erat

193 1991 437 2052 conditio.
521 1992 648 2052 Sita
674 1993 734 2050 in
775 1991 968 2071 ampla
1009 1991 1264 2071 planitie,
1296 1991 1545 2062 formam
1568 1991 1745 2050 habet
1775 1989 2135 2070 quadratam,
2164 1991 2334 2061 cujus

196 2084 442 2162 quodque
479 2084 630 2143 latus
651 2095 904 2156 ⁶centum
955 2093 1016 2142 et
1055 2083 1254 2160 viginti
1293 2082 1486 2142 stadia
1518 2075 1805 2154 metiturt'
1828 2081 1913 2143 ita
1956 2080 2135 2140 totius
2175 2077 2339 2150 urbis

197 2175 442 2249 circuitus
482 2176 786 2234 conficitur
839 2175 1386 2254 quadringentorum
1426 2175 1720 2252 octoginta
1762 2173 2111 2246 stadiorum„
2180 2171 2337 2232 Haec

199 2269 489 2346 amplitudo
512 2279 606 2328 est
623 2267 785 2329 'urbis
805 2285 810 2295 ’
828 2267 1183 2354 Babyloniae.
1267 2267 1571 2326 Exornata
1595 2286 1733 2338 vero
1775 2265 2170 2342 instructaque
2210 2259 2339 2324 erat
2450 2315 2453 2320 .

199 2360 283 2430 ita,
309 2371 368 2420 ut
393 2360 552 2420 nulla
577 2360 691 2418 alia
717 2363 880 2434 cujus
924 2359 999 2426 ad
1039 2379 1146 2418 nos
1173 2359 1378 2418 notitia
1421 2358 1698 2438 pervenit.
1784 2358 1988 2418 Statim
2024 2357 2181 2425 fossa
2207 2374 2342 2424 eam

115 2471 126 2479 ·
200 2449 488 2510 circumdat
515 2451 634 2512 alta
657 2450 910 2528 lataque,
933 2460 995 2508 et
1013 2469 1166 2528 aqua
1189 2463 1479 2528 nunquam
1506 2468 1623 2512 non
1645 2449 1904 2528 repleta:
1932 2448 2083 2518 ,dein
2118 2467 2337 2518 murus,

202 2545 347 2618 cujus
381 2539 644 2622 latitudo
673 2541 1092 2620 quinquaginta
1137 2541 1465 2600 cubitorum
1506 2540 1796 2618 regiorum
1820 2552 1945 2615 est,
1972 2539 2211 2600 altitudo
2240 2538 2341 2598 du·

204 2645 476 2694 centorum
501 2633 845 2698 cubitorum.
875 2633 997 2694 ‘Est
1023 2643 1218 2692 autem
1237 2633 1463 2692 cubitus
1490 2633 1681 2710 regius
1708 2638 1888 2710 major
1911 2632 2135 2712 vulgari
2159 2631 2341 2694 tribus

209 2723 1667 2802 digitis..
1934 2767 1937 2772 .

278 2819 404 2882 179.
442 2817 696 2897 Oportet
721 2837 814 2878 me
841 2837 980 2876 vero
1003 2818 1081 2878 ad
1105 2819 1232 2878 haec
1259 2817 1575 2889 declarare,
1618 2838 1789 2897 quem
1814 2819 1875 2876 in
1901 2837 2068 2878 usum
2094 2791 2343 2876 insumta

207 2909 272 2972 sit
293 2918 440 2969 terra
480 2929 516 2969 e
543 2909 700 2968 fossa
736 2920 968 2992 egesta,
989 2921 1050 2970 et
1087 2928 1284 2968 murus
1325 2910 1423 2968 ille
1462 2929 1578 2988 quo
1618 2921 1789 2990 pacto
1818 2909 1989 2971 fuerit
2024 2907 2344 2968 confectus.

215 2999 286 3058 Ut
309 2999 512 3062 fossam
537 2997 892 3070 fodiebant,
875 3013 958 3061 ita
977 3001 1140 3060 simul
1169 3013 1380 3060 terram
1407 3022 1443 3062 e
1470 3001 1627 3060 fossa
1652 3011 1909 3079 egestam
1935 2997 2297 3072 formabant
2280 3017 2343 3058 ιιι

211 3091 432 3154 lateres:
477 3104 658 3172 utque
685 3094 930 3154 laterum
971 3093 1328 3172 probabilem
1365 3112 1667 3166 numerum
1710 3093 2009 3164 duxerant,
2035 3092 2139 3166 ita,
2156 3108 2257 3150 eos
2282 3090 2344 3148 in

213 3185 518 3246 fornacibus
547 3187 894 3264 coquebant.
976 3187 1126 3244 Tum
1154 3184 1281 3245 loco
1307 3185 1483 3246 calcis
1506 3185 1769 3264 asphalto
1794 3185 1981 3258 calida
2004 3194 2257 3252 utentes.
2286 3191 2347 3246 et

212 3267 474 3336 tricesimo
499 3278 708 3358 cuique
733 3277 977 3338 laterum
1003 3277 1191 3337 ordini
1218 3276 1561 3336 arundinum
1600 3277 1721 3336 alas
1758 3277 2205 3354 inter-stipantes,
2232 3273 2349 3352 pri·

215 3387 347 3428 mum
371 3369 520 3430 labia
543 3379 986 3438 construxerunt
1011 3368 1200 3444 fossae,
1230 3367 1445 3428 deinde
1472 3369 1653 3446 ipsum
1674 3387 1901 3428 murum
1922 3369 2126 3442 eodem
2152 3365 2348 3442 morlo.

217 3458 384 3538 Super
405 3481 564 3522 muro
605 3480 738 3536 vero
765 3459 823 3524 in
853 3458 1148 3540 utriusque
1171 3459 1364 3528 lateris
1393 3479 1515 3530 ora,
1539 3461 1841 3538 contiguas
1860 3459 2221 3520 aedificarunt
2246 3457 2349 3532 doe

213 3553 508 3622 munculas,
539 3551 651 3611 sibi
691 3551 938 3620 invicem
981 3551 1288 3620 obversam
1327 3552 1581 3610 medium
1608 3563 1801 3612 autem
1842 3552 2085 3630 spatium
2128 3559 2350 3610 tantum

215 3633 658 3721 reliquerunt,ut
703 3644 1011 3722 circumagi
1037 3643 1329 3721 quadrigae
1356 3653 1607 3722 possent.
1689 3644 1756 3702 In
1782 3662 1947 3701 muro
1975 3641 2356 3710 circumcirca

219 3736 428 3794 centurn
450 3745 588 3794 sunt
623 3748 827 3813 portae,
869 3737 1050 3794 aene'ae
1078 3754 1313 3813 omues3
1353 3747 1415 3794 et
1434 3746 1633 3814 postes
1656 3734 1852 3807 etiam,
1880 3745 1941 3796 et
1968 3735 2260 3813 superiora
2284 3731 2353 3792 li-

213 3825 372 3897 mina,
397 3826 596 3886 itidem
631 3846 712 3886 ex
753 3845 886 3886 oere.
971 3827 1078 3887 Est
1103 3839 1302 3889 autem
1327 3828 1487 3896 aliud
1514 3827 1809 3906 oppidum,
1836 3837 1968 3892 octo
2012 3826 2237 3889 dierum
2264 3826 2355 3885 iti.

221 3935 342 3976 nere
370 3919 586 3978 distans
634 3937 671 3977 a
698 3919 1014 3997 Babylone,
1053 3919 1148 3978 cui
1191 3939 1404 3998 nomen
1433 3919 1509 3979 ls.
1588 3919 1683 3978 Ibi
1708 3919 1911 3990 fluvius
1936 3929 2047 3990 est,
2085 3938 2203 3978 non
2236 3937 2358 3977 ma-

215 4027 370 4084 gnus,
395 4009 488 4069 cui
515 4021 578 4070 et
596 4009 706 4090 ipsi
731 4011 794 4070 Is
815 4029 1048 4082 nomen,
1075 4011 1178 4089 qui
1201 4011 1264 4068 in
1293 4011 1645 4090 Euphratem
1663 3999 1876 4076 undam·
1900 4030 2063 4076 suam
2088 4010 2356 4070 infundit.

221 4099 328 4160 Hic
351 4101 527 4183 igitur
565 4101 628 4161 Is
672 4083 880 4162 fluvius
909 4103 1076 4184 simul
1103 4121 1236 4174 cum
1269 4103 1427 4174 unda
1470 4121 1607 4162 sua·
1620 4103 1946 4182 complures
1970 4103 2093 4162 edit
2128 4120 2359 4182 grumos

214 4192 478 4272 asphalti.
487 4194 668 4294 unde
681 4177 774 4280 ad
816 4195 1224 4262 aedificandum
1256 4215 1481 4274 murum
1518 4195 1831 4299 Bawga's
1868 4196 2153 4324 asphaltus
2183 4195 2358 4254 deve-

223 4293 310 4356 cta
333 4297 462 4345 est.

299 4378 427 4446 180.
469 4377 602 4442 Tali
641 4337 836 4460 igitur
863 4381 1036 4448 modo
1083 4381 1301 4452 munita
1327 4380 1599 4460 Babylon
1642 4390 1749 4448 est.
1801 4342 1965 4440 Sunt
1974 4331 2190 4440 aritini
2229 4351 2362 4453 dut}
