<?xml version="1.0" encoding="UTF-8"?>
<!DOCTYPE html PUBLIC "-//W3C//DTD XHTML 1.0 Transitional//EN"
    "http://www.w3.org/TR/xhtml1/DTD/xhtml1-transitional.dtd">
<html xmlns="http://www.w3.org/1999/xhtml" xml:lang="en" lang="en">
 <head>
  <title>
</title>
<meta http-equiv="Content-Type" content="text/html;charset=utf-8" />
  <meta name='ocr-system' content='tesseract 3.04.00' />
  <meta name='ocr-capabilities' content='ocr_page ocr_carea ocr_par ocr_line ocrx_word'/>
</head>
<body>
  <div class='ocr_page' id='page_1' title='image "./herodotimussive00wessgoog_0333.png"; bbox 0 0 2817 4792; ppageno 0'>
   <div class='ocr_carea' id='block_1_1' title="bbox 1086 323 2446 424">
    <p class='ocr_par' dir='ltr' id='par_1_1' title="bbox 1086 323 2446 424">
     <span class='ocr_line' id='line_1_1' title="bbox 1086 323 2446 424; baseline -0.008 -25"><span class='ocrx_word' id='word_1_1' title='bbox 1086 323 1568 399; x_wconf 66' lang='lat' dir='ltr'><strong>POL‘YMN-ICA:</strong></span> <span class='ocrx_word' id='word_1_2' title='bbox 1799 329 1818 383; x_wconf 77' lang='lat'><strong>‘-</strong></span> <span class='ocrx_word' id='word_1_3' title='bbox 1903 379 1906 382; x_wconf 79' lang='lat'><strong>.</strong></span> <span class='ocrx_word' id='word_1_4' title='bbox 2277 337 2415 406; x_wconf 44' lang='grc' dir='ltr'><strong>επ,</strong></span> <span class='ocrx_word' id='word_1_5' title='bbox 2431 360 2446 424; x_wconf 73' lang='lat' dir='ltr'><strong>i</strong></span> 
     </span>
    </p>
   </div>
   <div class='ocr_carea' id='block_1_2' title="bbox 224 451 2436 1174">
    <p class='ocr_par' dir='ltr' id='par_1_2' title="bbox 224 451 2436 1174">
     <span class='ocr_line' id='line_1_2' title="bbox 224 451 2404 550; baseline -0.001 -20"><span class='ocrx_word' id='word_1_6' title='bbox 224 473 378 550; x_wconf 64' lang='lat' dir='ltr'><strong>gera</strong></span> <span class='ocrx_word' id='word_1_7' title='bbox 408 451 680 542; x_wconf 80' lang='lat' dir='ltr'><strong>··Milesio&#39;,</strong></span> <span class='ocrx_word' id='word_1_8' title='bbox 720 473 891 527; x_wconf 52' lang='lat' dir='ltr'><strong>serre</strong></span> <span class='ocrx_word' id='word_1_9' title='bbox 930 477 1143 538; x_wconf 82' lang='lat' dir='ltr'><strong>nostro,</strong></span> <span class='ocrx_word' id='word_1_10' title='bbox 1186 455 1269 528; x_wconf 52' lang='lat' dir='ltr'><strong>&#39;et&#39;</strong></span> <span class='ocrx_word' id='word_1_11' title='bbox 1289 469 1466 530; x_wconf 80' lang='lat' dir='ltr'><strong>sacris</strong></span> <span class='ocrx_word' id='word_1_12' title='bbox 1513 467 1659 530; x_wconf 83' lang='lat' dir='ltr'><strong>lucis</strong></span> <span class='ocrx_word' id='word_1_13' title='bbox 1699 467 2040 548; x_wconf 74' lang='lat' dir='ltr'><strong>templisque</strong></span> <span class='ocrx_word' id='word_1_14' title='bbox 2087 459 2354 529; x_wconf 70' lang='lat' dir='ltr'><strong>crematis</strong></span> <span class='ocrx_word' id='word_1_15' title='bbox 2375 463 2404 528; x_wconf 69' lang='grc' dir='ltr'><strong>εἴ</strong></span> 
     </span>
     <span class='ocr_line' id='line_1_3' title="bbox 224 553 2404 640; baseline -0.001 -19"><span class='ocrx_word' id='word_1_16' title='bbox 224 559 449 624; x_wconf 85' lang='lat' dir='ltr'><strong>deinde</strong></span> <span class='ocrx_word' id='word_1_17' title='bbox 474 581 632 632; x_wconf 81' lang='lat' dir='ltr'><strong>vero,</strong></span> <span class='ocrx_word' id='word_1_18' title='bbox 664 559 856 640; x_wconf 83' lang='lat' dir='ltr'><strong>qualia</strong></span> <span class='ocrx_word' id='word_1_19' title='bbox 882 569 1034 630; x_wconf 84' lang='lat' dir='ltr'><strong>sunt,</strong></span> <span class='ocrx_word' id='word_1_20' title='bbox 1054 559 1262 638; x_wconf 81' lang='lat' dir='ltr'><strong>quibus</strong></span> <span class='ocrx_word' id='word_1_21' title='bbox 1284 579 1399 619; x_wconf 86' lang='lat' dir='ltr'><strong>nos·</strong></span> <span class='ocrx_word' id='word_1_22' title='bbox 1417 569 1788 640; x_wconf 84' lang='lat' dir='ltr'><strong>acceperunt,</strong></span> <span class='ocrx_word' id='word_1_23' title='bbox 1811 578 1990 639; x_wconf 83' lang='lat' dir='ltr'><strong>quum</strong></span> <span class='ocrx_word' id='word_1_24' title='bbox 2019 559 2160 619; x_wconf 86' lang='lat' dir='ltr'><strong>Dati</strong></span> <span class='ocrx_word' id='word_1_25' title='bbox 2189 553 2404 620; x_wconf 71' lang='lat' dir='ltr'><strong>et·Ar&#39;-·</strong></span> 
     </span>
     <span class='ocr_line' id='line_1_4' title="bbox 229 651 2406 733; baseline 0 -21"><span class='ocrx_word' id='word_1_26' title='bbox 229 655 523 733; x_wconf 69' lang='lat' dir='ltr'><strong>tapherne</strong></span> <span class='ocrx_word' id='word_1_27' title='bbox 550 653 793 712; x_wconf 87' lang='lat' dir='ltr'><strong>ducibus</strong></span> <span class='ocrx_word' id='word_1_28' title='bbox 832 661 1043 710; x_wconf 83' lang='lat' dir='ltr'><strong>terram</strong></span> <span class='ocrx_word' id='word_1_29' title='bbox 1072 651 1293 710; x_wconf 83' lang='lat' dir='ltr'><strong>illorum</strong></span> <span class='ocrx_word' id='word_1_30' title='bbox 1336 671 1532 712; x_wconf 85' lang='lat' dir='ltr'><strong>sumus</strong></span> <span class='ocrx_word' id='word_1_31' title='bbox 1557 652 1843 730; x_wconf 77' lang='lat' dir='ltr'><strong>ingressi!</strong></span> <span class='ocrx_word' id='word_1_32' title='bbox 1895 671 2027 731; x_wconf 78' lang='lat' dir='ltr'><strong>quoe</strong></span> <span class='ocrx_word' id='word_1_33' title='bbox 2053 651 2190 712; x_wconf 84' lang='lat' dir='ltr'><strong>satis</strong></span> <span class='ocrx_word' id='word_1_34' title='bbox 2215 651 2406 713; x_wconf 56' lang='lat' dir='ltr'><strong>nosti&amp;</strong></span> 
     </span>
     <span class='ocr_line' id='line_1_5' title="bbox 231 737 2436 824; baseline -0.001 -20"><span class='ocrx_word' id='word_1_35' title='bbox 231 759 454 805; x_wconf 77' lang='lat' dir='ltr'><strong>omnes,</strong></span> <span class='ocrx_word' id='word_1_36' title='bbox 510 747 594 823; x_wconf 75' lang='lat'><strong>(82</strong></span> <span class='ocrx_word' id='word_1_37' title='bbox 616 745 701 820; x_wconf 78' lang='lat'><strong>3.)</strong></span> <span class='ocrx_word' id='word_1_38' title='bbox 728 743 917 824; x_wconf 80' lang='lat' dir='ltr'>Igitur</span> <span class='ocrx_word' id='word_1_39' title='bbox 936 742 1025 802; x_wconf 84' lang='lat' dir='ltr'><strong>his</strong></span> <span class='ocrx_word' id='word_1_40' title='bbox 1052 743 1283 822; x_wconf 89' lang='lat' dir='ltr'><strong>quidem</strong></span> <span class='ocrx_word' id='word_1_41' title='bbox 1309 743 1383 802; x_wconf 86' lang='lat' dir='ltr'><strong>de</strong></span> <span class='ocrx_word' id='word_1_42' title='bbox 1406 744 1620 804; x_wconf 84' lang='lat' dir='ltr'><strong>caussis</strong></span> <span class='ocrx_word' id='word_1_43' title='bbox 1645 745 1861 804; x_wconf 89' lang='lat' dir='ltr'><strong>bellum</strong></span> <span class='ocrx_word' id='word_1_44' title='bbox 1885 745 1995 804; x_wconf 82' lang='lat' dir='ltr'><strong>iliis</strong></span> <span class='ocrx_word' id='word_1_45' title='bbox 2019 737 2233 804; x_wconf 77' lang='lat' dir='ltr'><strong>inferre</strong></span> <span class='ocrx_word' id='word_1_46' title='bbox 2257 761 2403 803; x_wconf 59' lang='lat' dir='ltr'><strong>cond</strong></span> <span class='ocrx_word' id='word_1_47' title='bbox 2431 786 2436 792; x_wconf 89' lang='lat'>-</span> 
     </span>
     <span class='ocr_line' id='line_1_6' title="bbox 232 827 2402 916; baseline 0 -20"><span class='ocrx_word' id='word_1_48' title='bbox 232 837 412 897; x_wconf 86' lang='lat' dir='ltr'><strong>stitui.</strong></span> <span class='ocrx_word' id='word_1_49' title='bbox 494 837 675 896; x_wconf 85' lang='lat' dir='ltr'><strong>Simul</strong></span> <span class='ocrx_word' id='word_1_50' title='bbox 700 853 1000 906; x_wconf 62' lang='lat' dir='ltr'><strong>verm-rem</strong></span> <span class='ocrx_word' id='word_1_51' title='bbox 1024 845 1183 895; x_wconf 84' lang='lat' dir='ltr'><strong>recte</strong></span> <span class='ocrx_word' id='word_1_52' title='bbox 1210 855 1438 895; x_wconf 88' lang='lat' dir='ltr'><strong>mecum</strong></span> <span class='ocrx_word' id='word_1_53' title='bbox 1464 847 1754 916; x_wconf 85' lang='lat' dir='ltr'><strong>reputans,-</strong></span> <span class='ocrx_word' id='word_1_54' title='bbox 1771 837 2016 898; x_wconf 80' lang='lat' dir='ltr'><strong>maxima</strong></span> <span class='ocrx_word' id='word_1_55' title='bbox 2039 837 2100 896; x_wconf 88' lang='lat' dir='ltr'><strong>in</strong></span> <span class='ocrx_word' id='word_1_56' title='bbox 2128 827 2402 915; x_wconf 77' lang='lat' dir='ltr'><strong>hoc-ipso</strong></span> 
     </span>
     <span class='ocr_line' id='line_1_7' title="bbox 234 916 2400 1008; baseline -0.002 -19"><span class='ocrx_word' id='word_1_57' title='bbox 234 929 546 989; x_wconf 81' lang='lat' dir='ltr'><strong>commoda</strong></span> <span class='ocrx_word' id='word_1_58' title='bbox 570 929 817 1007; x_wconf 85' lang='lat' dir='ltr'><strong>reperio,</strong></span> <span class='ocrx_word' id='word_1_59' title='bbox 840 927 889 986; x_wconf 89' lang='lat' dir='ltr'><strong>si</strong></span> <span class='ocrx_word' id='word_1_60' title='bbox 910 939 971 986; x_wconf 84' lang='lat' dir='ltr'><strong>et</strong></span> <span class='ocrx_word' id='word_1_61' title='bbox 997 916 1171 987; x_wconf 82' lang='lat' dir='ltr'><strong>hosce</strong></span> <span class='ocrx_word' id='word_1_62' title='bbox 1196 937 1258 986; x_wconf 85' lang='lat' dir='ltr'><strong>et</strong></span> <span class='ocrx_word' id='word_1_63' title='bbox 1277 945 1479 987; x_wconf 82' lang='lat' dir='ltr'><strong>eorum</strong></span> <span class='ocrx_word' id='word_1_64' title='bbox 1496 927 1858 1007; x_wconf 77' lang='lat' dir='ltr'><strong>vicinos,;qui</strong></span> <span class='ocrx_word' id='word_1_65' title='bbox 1884 928 2116 1008; x_wconf 83' lang='lat' dir='ltr'><strong>Pelopis</strong></span> <span class='ocrx_word' id='word_1_66' title='bbox 2144 927 2400 1006; x_wconf 77' lang='lat' dir='ltr'><strong>Phrygis‘</strong></span> 
     </span>
     <span class='ocr_line' id='line_1_8' title="bbox 230 1019 2432 1098; baseline -0.001 -19"><span class='ocrx_word' id='word_1_67' title='bbox 230 1031 463 1081; x_wconf 82' lang='lat' dir='ltr'><strong>terram·</strong></span> <span class='ocrx_word' id='word_1_68' title='bbox 479 1020 759 1090; x_wconf 87' lang='lat' dir='ltr'><strong>incolunt,</strong></span> <span class='ocrx_word' id='word_1_69' title='bbox 798 1019 1212 1098; x_wconf 77' lang='lat' dir='ltr'><strong>subegerimuS.</strong></span> <span class='ocrx_word' id='word_1_70' title='bbox 1296 1020 1393 1080; x_wconf 87' lang='lat' dir='ltr'><strong>Sic</strong></span> <span class='ocrx_word' id='word_1_71' title='bbox 1430 1019 1583 1079; x_wconf 86' lang='lat' dir='ltr'><strong>enim</strong></span> <span class='ocrx_word' id='word_1_72' title='bbox 1621 1029 1833 1080; x_wconf 84' lang='lat' dir='ltr'><strong>terram</strong></span> <span class='ocrx_word' id='word_1_73' title='bbox 1863 1021 2154 1081; x_wconf 77' lang='lat' dir='ltr'><strong>Persicam</strong></span> <span class='ocrx_word' id='word_1_74' title='bbox 2187 1020 2399 1080; x_wconf 68' lang='lat' dir='ltr'><strong>aetheri</strong></span> <span class='ocrx_word' id='word_1_75' title='bbox 2427 1071 2432 1076; x_wconf 90' lang='lat'><strong>.</strong></span> 
     </span>
     <span class='ocr_line' id='line_1_9' title="bbox 229 1103 2400 1174; baseline -0 -1"><span class='ocrx_word' id='word_1_76' title='bbox 229 1113 397 1174; x_wconf 77' lang='lat' dir='ltr'><strong>Jovis</strong></span> <span class='ocrx_word' id='word_1_77' title='bbox 422 1103 699 1172; x_wconf 80' lang='lat' dir='ltr'><strong>faciemus</strong></span> <span class='ocrx_word' id='word_1_78' title='bbox 720 1113 1129 1171; x_wconf 81' lang='lat' dir='ltr'><strong>conterminam</strong></span> <span class='ocrx_word' id='word_1_79' title='bbox 1149 1132 1179 1172; x_wconf 74' lang='grc' dir='ltr'><strong>ι·</strong></span> <span class='ocrx_word' id='word_1_80' title='bbox 1198 1129 1341 1172; x_wconf 86' lang='lat' dir='ltr'><strong>·nec·</strong></span> <span class='ocrx_word' id='word_1_81' title='bbox 1361 1112 1513 1171; x_wconf 85' lang='lat' dir='ltr'><strong>enim</strong></span> <span class='ocrx_word' id='word_1_82' title='bbox 1543 1111 1708 1172; x_wconf 86' lang='lat' dir='ltr'><strong>aliam</strong></span> <span class='ocrx_word' id='word_1_83' title='bbox 1735 1112 1908 1172; x_wconf 85' lang='lat' dir='ltr'><strong>ullam</strong></span> <span class='ocrx_word' id='word_1_84' title='bbox 1935 1111 2257 1172; x_wconf 76' lang='lat' dir='ltr'><strong>terramsol</strong></span> <span class='ocrx_word' id='word_1_85' title='bbox 2284 1103 2400 1172; x_wconf 76' lang='lat' dir='ltr'><strong>ad-&#39;</strong></span> 
     </span>
    </p>
   </div>
   <div class='ocr_carea' id='block_1_3' title="bbox 228 1193 2564 1285">
    <p class='ocr_par' dir='ltr' id='par_1_3' title="bbox 228 1193 2564 1285">
     <span class='ocr_line' id='line_1_10' title="bbox 228 1193 2564 1285; baseline 0 -23"><span class='ocrx_word' id='word_1_86' title='bbox 228 1205 455 1283; x_wconf 83' lang='lat' dir='ltr'><strong>spiciet,</strong></span> <span class='ocrx_word' id='word_1_87' title='bbox 472 1224 621 1284; x_wconf 80' lang='lat' dir='ltr'><strong>·quae</strong></span> <span class='ocrx_word' id='word_1_88' title='bbox 656 1213 874 1264; x_wconf 80' lang='lat' dir='ltr'><strong>nostrae</strong></span> <span class='ocrx_word' id='word_1_89' title='bbox 896 1203 969 1262; x_wconf 88' lang='lat' dir='ltr'><strong>sit</strong></span> <span class='ocrx_word' id='word_1_90' title='bbox 1006 1203 1275 1274; x_wconf 78' lang='lat' dir='ltr'><strong>finitima3</strong></span> <span class='ocrx_word' id='word_1_91' title='bbox 1322 1203 1430 1263; x_wconf 87' lang='lat' dir='ltr'><strong>sed</strong></span> <span class='ocrx_word' id='word_1_92' title='bbox 1463 1221 1576 1282; x_wconf 84' lang='lat' dir='ltr'><strong>ego</strong></span> <span class='ocrx_word' id='word_1_93' title='bbox 1601 1203 1907 1275; x_wconf 81' lang='lat' dir='ltr'><strong>vobiscum,</strong></span> <span class='ocrx_word' id='word_1_94' title='bbox 1923 1205 2402 1283; x_wconf 83' lang='lat' dir='ltr'><strong>·universa-pera·‘</strong></span> <span class='ocrx_word' id='word_1_95' title='bbox 2484 1261 2497 1285; x_wconf 65' lang='grc'><strong>,</strong></span> <span class='ocrx_word' id='word_1_96' title='bbox 2559 1193 2564 1200; x_wconf 76' lang='grc'><strong>’</strong></span> 
     </span>
    </p>
   </div>
   <div class='ocr_carea' id='block_1_4' title="bbox 218 1294 2439 4409">
    <p class='ocr_par' dir='ltr' id='par_1_4' title="bbox 223 1294 2439 2476">
     <span class='ocr_line' id='line_1_11' title="bbox 232 1294 2402 1375; baseline -0 -20"><span class='ocrx_word' id='word_1_97' title='bbox 232 1307 405 1374; x_wconf 83' lang='lat' dir='ltr'><strong>grata</strong></span> <span class='ocrx_word' id='word_1_98' title='bbox 432 1297 787 1375; x_wconf 75' lang='lat' dir='ltr'><strong>Europa,⁴ex</strong></span> <span class='ocrx_word' id='word_1_99' title='bbox 812 1295 1073 1354; x_wconf 87' lang='lat' dir='ltr'><strong>omnibus</strong></span> <span class='ocrx_word' id='word_1_100' title='bbox 1112 1294 1276 1354; x_wconf 85' lang='lat' dir='ltr'><strong>terris</strong></span> <span class='ocrx_word' id='word_1_101' title='bbox 1305 1313 1478 1355; x_wconf 87' lang='lat' dir='ltr'><strong>unam</strong></span> <span class='ocrx_word' id='word_1_102' title='bbox 1509 1295 1742 1355; x_wconf 84' lang='lat' dir='ltr'><strong>faciam.</strong></span> <span class='ocrx_word' id='word_1_103' title='bbox 1820 1295 2044 1375; x_wconf 78' lang='lat' dir='ltr'>Quippe</span> <span class='ocrx_word' id='word_1_104' title='bbox 2069 1295 2402 1354; x_wconf 45' lang='lat' dir='ltr'><strong>itase‘rem·</strong></span> 
     </span>
     <span class='ocr_line' id='line_1_12' title="bbox 229 1387 2439 1468; baseline -0 -22"><span class='ocrx_word' id='word_1_105' title='bbox 229 1387 451 1448; x_wconf 86' lang='lat' dir='ltr'><strong>habere</strong></span> <span class='ocrx_word' id='word_1_106' title='bbox 472 1387 714 1467; x_wconf 82' lang='lat' dir='ltr'><strong>reperio,</strong></span> <span class='ocrx_word' id='word_1_107' title='bbox 726 1387 939 1447; x_wconf 86' lang='lat' dir='ltr'><strong>nullam</strong></span> <span class='ocrx_word' id='word_1_108' title='bbox 954 1387 1101 1446; x_wconf 82' lang='lat' dir='ltr'><strong>inter</strong></span> <span class='ocrx_word' id='word_1_109' title='bbox 1116 1388 1376 1446; x_wconf 87' lang='lat' dir='ltr'><strong>homines</strong></span> <span class='ocrx_word' id='word_1_110' title='bbox 1390 1387 1699 1458; x_wconf 83' lang='lat' dir='ltr'><strong>civitatem,</strong></span> <span class='ocrx_word' id='word_1_111' title='bbox 1713 1387 1930 1448; x_wconf 82' lang='lat' dir='ltr'><strong>nullum</strong></span> <span class='ocrx_word' id='word_1_112' title='bbox 1945 1389 2224 1468; x_wconf 82' lang='lat' dir='ltr'><strong>populum</strong></span> <span class='ocrx_word' id='word_1_113' title='bbox 2241 1387 2400 1448; x_wconf 84' lang='lat' dir='ltr'><strong>inter</strong></span> <span class='ocrx_word' id='word_1_114' title='bbox 2431 1417 2439 1424; x_wconf 93' lang='lat'>·</span> 
     </span>
     <span class='ocr_line' id='line_1_13' title="bbox 232 1477 2436 1560; baseline -0.002 -22"><span class='ocrx_word' id='word_1_115' title='bbox 232 1479 508 1538; x_wconf 77' lang='lat' dir='ltr'><strong>mortales</strong></span> <span class='ocrx_word' id='word_1_116' title='bbox 534 1479 989 1560; x_wconf 88' lang='lat' dir='ltr'><strong>reliquum-esse,</strong></span> <span class='ocrx_word' id='word_1_117' title='bbox 1026 1479 1124 1558; x_wconf 89' lang='lat' dir='ltr'><strong>qui</strong></span> <span class='ocrx_word' id='word_1_118' title='bbox 1150 1479 1425 1539; x_wconf 81' lang='lat' dir='ltr'><strong>adversus</strong></span> <span class='ocrx_word' id='word_1_119' title='bbox 1449 1497 1557 1538; x_wconf 88' lang='lat' dir='ltr'><strong>nos</strong></span> <span class='ocrx_word' id='word_1_120' title='bbox 1584 1477 1852 1538; x_wconf 77' lang='lat' dir='ltr'><strong>iri-aciem</strong></span> <span class='ocrx_word' id='word_1_121' title='bbox 1892 1479 2163 1558; x_wconf 80' lang='lat' dir='ltr'><strong>progredi</strong></span> <span class='ocrx_word' id='word_1_122' title='bbox 2187 1480 2394 1558; x_wconf 80' lang='lat' dir='ltr'><strong>possit,</strong></span> <span class='ocrx_word' id='word_1_123' title='bbox 2431 1530 2436 1534; x_wconf 77' lang='grc'><strong>.</strong></span> 
     </span>
     <span class='ocr_line' id='line_1_14' title="bbox 231 1570 2433 1651; baseline -0.002 -21"><span class='ocrx_word' id='word_1_124' title='bbox 231 1571 471 1651; x_wconf 80' lang='lat' dir='ltr'><strong>quando</strong></span> <span class='ocrx_word' id='word_1_125' title='bbox 496 1572 601 1630; x_wconf 89' lang='lat' dir='ltr'><strong>hos</strong></span> <span class='ocrx_word' id='word_1_126' title='bbox 636 1589 778 1650; x_wconf 89' lang='lat' dir='ltr'><strong>quos</strong></span> <span class='ocrx_word' id='word_1_127' title='bbox 806 1570 921 1629; x_wconf 82' lang='lat' dir='ltr'>dixi</span> <span class='ocrx_word' id='word_1_128' title='bbox 950 1571 1541 1649; x_wconf 79' lang='lat' dir='ltr'><strong>subegerimus.1ta</strong></span> <span class='ocrx_word' id='word_1_129' title='bbox 1573 1581 1636 1629; x_wconf 87' lang='lat' dir='ltr'><strong>et</strong></span> <span class='ocrx_word' id='word_1_130' title='bbox 1668 1570 1774 1640; x_wconf 88' lang='lat' dir='ltr'><strong>his,</strong></span> <span class='ocrx_word' id='word_1_131' title='bbox 1811 1572 1909 1648; x_wconf 90' lang='lat' dir='ltr'><strong>qui</strong></span> <span class='ocrx_word' id='word_1_132' title='bbox 1935 1571 2085 1632; x_wconf 79' lang='lat' dir='ltr'><strong>male</strong></span> <span class='ocrx_word' id='word_1_133' title='bbox 2119 1571 2395 1632; x_wconf 71' lang='lat' dir='ltr'><strong>‘de‘nobis&#39;</strong></span> <span class='ocrx_word' id='word_1_134' title='bbox 2423 1613 2433 1626; x_wconf 71' lang='grc'><strong>.</strong></span> 
     </span>
     <span class='ocr_line' id='line_1_15' title="bbox 230 1659 2390 1742; baseline -0 -19"><span class='ocrx_word' id='word_1_135' title='bbox 230 1674 584 1735; x_wconf 85' lang='lat' dir='ltr'><strong>meruerunt,</strong></span> <span class='ocrx_word' id='word_1_136' title='bbox 625 1673 684 1721; x_wconf 89' lang='lat' dir='ltr'><strong>et</strong></span> <span class='ocrx_word' id='word_1_137' title='bbox 721 1659 1037 1723; x_wconf 76' lang='lat' dir='ltr'>insontibus</span> <span class='ocrx_word' id='word_1_138' title='bbox 1080 1663 1324 1742; x_wconf 87' lang='lat' dir='ltr'><strong>pariter,</strong></span> <span class='ocrx_word' id='word_1_139' title='bbox 1349 1661 1558 1721; x_wconf 87' lang='lat' dir='ltr'><strong>servile</strong></span> <span class='ocrx_word' id='word_1_140' title='bbox 1586 1667 1790 1739; x_wconf 80' lang='lat' dir='ltr'><strong>jugum</strong></span> <span class='ocrx_word' id='word_1_141' title='bbox 1829 1663 2156 1742; x_wconf 88' lang='lat' dir='ltr'><strong>impositum</strong></span> <span class='ocrx_word' id='word_1_142' title='bbox 2195 1663 2390 1724; x_wconf 73' lang='lat' dir='ltr'><strong>fuerit.</strong></span> 
     </span>
     <span class='ocr_line' id='line_1_16' title="bbox 230 1751 2388 1858; baseline -0.001 -42"><span class='ocrx_word' id='word_1_143' title='bbox 230 1760 329 1834; x_wconf 84' lang='lat'><strong>(8.-</strong></span> <span class='ocrx_word' id='word_1_144' title='bbox 326 1761 401 1815; x_wconf 95' lang='grc'><strong>4.</strong></span> <span class='ocrx_word' id='word_1_145' title='bbox 406 1756 429 1832; x_wconf 86' lang='grc'><strong>)</strong></span> <span class='ocrx_word' id='word_1_146' title='bbox 454 1751 575 1814; x_wconf 84' lang='lat' dir='ltr'><strong>V&#39;os</strong></span> <span class='ocrx_word' id='word_1_147' title='bbox 590 1771 746 1828; x_wconf 78' lang='lat' dir='ltr'><strong>vero,</strong></span> <span class='ocrx_word' id='word_1_148' title='bbox 761 1755 875 1814; x_wconf 90' lang='lat' dir='ltr'><strong>hoc</strong></span> <span class='ocrx_word' id='word_1_149' title='bbox 895 1755 943 1814; x_wconf 88' lang='lat' dir='ltr'><strong>si</strong></span> <span class='ocrx_word' id='word_1_150' title='bbox 962 1754 1235 1824; x_wconf 74' lang='lat' dir='ltr'><strong>feceritis,</strong></span> <span class='ocrx_word' id='word_1_151' title='bbox 1251 1763 1476 1832; x_wconf 82' lang='lat' dir='ltr'><strong>gratum</strong></span> <span class='ocrx_word' id='word_1_152' title='bbox 1495 1751 1632 1811; x_wconf 90' lang='lat' dir='ltr'><strong>mihi</strong></span> <span class='ocrx_word' id='word_1_153' title='bbox 1649 1753 1930 1814; x_wconf 76' lang='lat' dir='ltr'><strong>feceritis:</strong></span> <span class='ocrx_word' id='word_1_154' title='bbox 1935 1773 2149 1858; x_wconf 88' lang='lat' dir='ltr'><strong>quum</strong></span> <span class='ocrx_word' id='word_1_155' title='bbox 2155 1765 2388 1842; x_wconf 80' lang='lat' dir='ltr'><strong>tempus</strong></span> 
     </span>
     <span class='ocr_line' id='line_1_17' title="bbox 226 1846 2388 1926; baseline -0 -19"><span class='ocrx_word' id='word_1_156' title='bbox 226 1848 395 1907; x_wconf 82' lang='lat' dir='ltr'><strong>vobis</strong></span> <span class='ocrx_word' id='word_1_157' title='bbox 434 1847 778 1917; x_wconf 87' lang='lat' dir='ltr'><strong>indicavero,</strong></span> <span class='ocrx_word' id='word_1_158' title='bbox 820 1865 937 1925; x_wconf 88' lang='lat' dir='ltr'><strong>quo</strong></span> <span class='ocrx_word' id='word_1_159' title='bbox 976 1846 1279 1906; x_wconf 82' lang='lat' dir='ltr'><strong>convenire</strong></span> <span class='ocrx_word' id='word_1_160' title='bbox 1333 1855 1640 1924; x_wconf 80' lang='lat' dir='ltr'><strong>oporteat,</strong></span> <span class='ocrx_word' id='word_1_161' title='bbox 1657 1855 1878 1924; x_wconf 84' lang='lat' dir='ltr'><strong>promte</strong></span> <span class='ocrx_word' id='word_1_162' title='bbox 1903 1861 2388 1926; x_wconf 67' lang='lat' dir='ltr'><strong>unumquemque</strong></span> 
     </span>
     <span class='ocr_line' id='line_1_18' title="bbox 228 1935 2385 2016; baseline -0 -19"><span class='ocrx_word' id='word_1_163' title='bbox 228 1947 479 1998; x_wconf 78' lang='lat' dir='ltr'><strong>vestrum</strong></span> <span class='ocrx_word' id='word_1_164' title='bbox 515 1938 746 1997; x_wconf 80' lang='lat' dir='ltr'><strong>adesse</strong></span> <span class='ocrx_word' id='word_1_165' title='bbox 740 1936 1091 2016; x_wconf 49' lang='lat' dir='ltr'><strong>oportebitu</strong></span> <span class='ocrx_word' id='word_1_166' title='bbox 1142 1935 1416 2016; x_wconf 78' lang='lat' dir='ltr'>Quisquis</span> <span class='ocrx_word' id='word_1_167' title='bbox 1451 1953 1588 1995; x_wconf 85' lang='lat' dir='ltr'><strong>vero</strong></span> <span class='ocrx_word' id='word_1_168' title='bbox 1627 1955 1761 1996; x_wconf 85' lang='lat' dir='ltr'><strong>cum</strong></span> <span class='ocrx_word' id='word_1_169' title='bbox 1793 1937 2050 1998; x_wconf 83' lang='lat' dir='ltr'><strong>exercitu</strong></span> <span class='ocrx_word' id='word_1_170' title='bbox 2089 1936 2385 1998; x_wconf 70' lang='lat' dir='ltr'><strong>advenerit</strong></span> 
     </span>
     <span class='ocr_line' id='line_1_19' title="bbox 228 2029 2384 2112; baseline -0.001 -22"><span class='ocrx_word' id='word_1_171' title='bbox 228 2031 445 2111; x_wconf 84' lang='lat' dir='ltr'><strong>optime</strong></span> <span class='ocrx_word' id='word_1_172' title='bbox 470 2033 760 2101; x_wconf 86' lang='lat' dir='ltr'><strong>instructo,</strong></span> <span class='ocrx_word' id='word_1_173' title='bbox 781 2051 916 2090; x_wconf 88' lang='lat' dir='ltr'><strong>eum</strong></span> <span class='ocrx_word' id='word_1_174' title='bbox 934 2051 1047 2112; x_wconf 82' lang='lat' dir='ltr'><strong>ego</strong></span> <span class='ocrx_word' id='word_1_175' title='bbox 1060 2029 1391 2089; x_wconf 87' lang='lat' dir='ltr'><strong>muneribus</strong></span> <span class='ocrx_word' id='word_1_176' title='bbox 1410 2029 1658 2099; x_wconf 87' lang='lat' dir='ltr'><strong>donabo,</strong></span> <span class='ocrx_word' id='word_1_177' title='bbox 1683 2049 1828 2108; x_wconf 81' lang='lat' dir='ltr'><strong>quae</strong></span> <span class='ocrx_word' id='word_1_178' title='bbox 1841 2030 1995 2110; x_wconf 87' lang='lat' dir='ltr'><strong>apud</strong></span> <span class='ocrx_word' id='word_1_179' title='bbox 2019 2049 2136 2090; x_wconf 84' lang='lat' dir='ltr'><strong>nos·</strong></span> <span class='ocrx_word' id='word_1_180' title='bbox 2149 2029 2384 2090; x_wconf 83' lang='lat' dir='ltr'><strong>honori-</strong></span> 
     </span>
     <span class='ocr_line' id='line_1_20' title="bbox 223 2111 2396 2199; baseline 0 -17"><span class='ocrx_word' id='word_1_181' title='bbox 223 2123 599 2184; x_wconf 82' lang='lat' dir='ltr'><strong>ficentissima</strong></span> <span class='ocrx_word' id='word_1_182' title='bbox 617 2124 915 2182; x_wconf 81' lang='lat' dir='ltr'><strong>habentur.</strong></span> <span class='ocrx_word' id='word_1_183' title='bbox 979 2121 1132 2181; x_wconf 80' lang='lat' dir='ltr'><strong>Haec</strong></span> <span class='ocrx_word' id='word_1_184' title='bbox 1154 2120 1329 2199; x_wconf 82' lang='lat' dir='ltr'><strong>igitur</strong></span> <span class='ocrx_word' id='word_1_185' title='bbox 1344 2120 1428 2180; x_wconf 81' lang='lat' dir='ltr'><strong>ita</strong></span> <span class='ocrx_word' id='word_1_186' title='bbox 1447 2119 1714 2180; x_wconf 82' lang='lat' dir='ltr'><strong>facienda</strong></span> <span class='ocrx_word' id='word_1_187' title='bbox 1739 2133 1893 2182; x_wconf 87' lang='lat' dir='ltr'><strong>sunt.</strong></span> <span class='ocrx_word' id='word_1_188' title='bbox 1947 2121 2042 2182; x_wconf 86' lang='lat' dir='ltr'><strong>Ne</strong></span> <span class='ocrx_word' id='word_1_189' title='bbox 2063 2133 2212 2182; x_wconf 75' lang='lat' dir='ltr'><strong>vero</strong></span> <span class='ocrx_word' id='word_1_190' title='bbox 2205 2111 2396 2182; x_wconf 80' lang='lat' dir='ltr'><strong>vobis</strong></span> 
     </span>
     <span class='ocr_line' id='line_1_21' title="bbox 228 2211 2387 2293; baseline -0.001 -18"><span class='ocrx_word' id='word_1_191' title='bbox 228 2215 428 2275; x_wconf 82' lang='lat' dir='ltr'><strong>videar</strong></span> <span class='ocrx_word' id='word_1_192' title='bbox 449 2235 638 2275; x_wconf 87' lang='lat' dir='ltr'><strong>meum</strong></span> <span class='ocrx_word' id='word_1_193' title='bbox 662 2215 830 2274; x_wconf 88' lang='lat' dir='ltr'><strong>unius</strong></span> <span class='ocrx_word' id='word_1_194' title='bbox 850 2215 1013 2293; x_wconf 88' lang='lat' dir='ltr'><strong>sequi</strong></span> <span class='ocrx_word' id='word_1_195' title='bbox 1029 2214 1179 2274; x_wconf 85' lang='lat' dir='ltr'><strong>velle</strong></span> <span class='ocrx_word' id='word_1_196' title='bbox 1206 2211 1523 2283; x_wconf 85' lang='lat' dir='ltr'><strong>consilium,</strong></span> <span class='ocrx_word' id='word_1_197' title='bbox 1549 2212 1609 2271; x_wconf 90' lang='lat' dir='ltr'><strong>in</strong></span> <span class='ocrx_word' id='word_1_198' title='bbox 1636 2213 1886 2273; x_wconf 86' lang='lat' dir='ltr'><strong>medium</strong></span> <span class='ocrx_word' id='word_1_199' title='bbox 1907 2214 2068 2274; x_wconf 82' lang='lat' dir='ltr'><strong>vobis</strong></span> <span class='ocrx_word' id='word_1_200' title='bbox 2088 2215 2237 2274; x_wconf 83' lang='lat' dir='ltr'><strong>hanc</strong></span> <span class='ocrx_word' id='word_1_201' title='bbox 2251 2217 2387 2273; x_wconf 67' lang='lat' dir='ltr'><strong>rem</strong></span> 
     </span>
     <span class='ocr_line' id='line_1_22' title="bbox 224 2305 2388 2418; baseline 0.001 -53"><span class='ocrx_word' id='word_1_202' title='bbox 224 2327 509 2386; x_wconf 75' lang='lat' dir='ltr'><strong>propon03</strong></span> <span class='ocrx_word' id='word_1_203' title='bbox 569 2308 865 2385; x_wconf 71' lang='lat' dir='ltr'><strong>Jubeoque</strong></span> <span class='ocrx_word' id='word_1_204' title='bbox 913 2317 998 2378; x_wconf 87' lang='lat' dir='ltr'><strong>ut,</strong></span> <span class='ocrx_word' id='word_1_205' title='bbox 1040 2306 1291 2384; x_wconf 86' lang='lat' dir='ltr'><strong>quisquis</strong></span> <span class='ocrx_word' id='word_1_206' title='bbox 1332 2315 1588 2364; x_wconf 84' lang='lat' dir='ltr'><strong>vestrum</strong></span> <span class='ocrx_word' id='word_1_207' title='bbox 1635 2305 1922 2378; x_wconf 53' lang='lat' dir='ltr'><strong>voluerits·</strong></span> <span class='ocrx_word' id='word_1_208' title='bbox 1943 2325 2136 2366; x_wconf 87' lang='lat' dir='ltr'><strong>suam</strong></span> <span class='ocrx_word' id='word_1_209' title='bbox 2155 2317 2388 2418; x_wconf 81' lang='lat' dir='ltr'><strong>promat</strong></span> 
     </span>
     <span class='ocr_line' id='line_1_23' title="bbox 226 2395 1960 2476; baseline -0.001 -18"><span class='ocrx_word' id='word_1_210' title='bbox 226 2399 589 2459; x_wconf 86' lang='lat' dir='ltr'><strong>sententiam.</strong></span> <span class='ocrx_word' id='word_1_211' title='bbox 592 2399 625 2428; x_wconf 86' lang='lat'><strong>”</strong></span> <span class='ocrx_word' id='word_1_212' title='bbox 702 2398 817 2457; x_wconf 82' lang='lat' dir='ltr'><strong>His</strong></span> <span class='ocrx_word' id='word_1_213' title='bbox 846 2397 1013 2458; x_wconf 88' lang='lat' dir='ltr'><strong>dictis</strong></span> <span class='ocrx_word' id='word_1_214' title='bbox 1042 2398 1273 2458; x_wconf 77' lang='lat' dir='ltr'><strong>Xerxes</strong></span> <span class='ocrx_word' id='word_1_215' title='bbox 1288 2396 1474 2456; x_wconf 85' lang='lat' dir='ltr'><strong>finem</strong></span> <span class='ocrx_word' id='word_1_216' title='bbox 1497 2395 1643 2456; x_wconf 81' lang='lat' dir='ltr'><strong>fecit</strong></span> <span class='ocrx_word' id='word_1_217' title='bbox 1665 2396 1960 2476; x_wconf 84' lang='lat' dir='ltr'><strong>loquendi.</strong></span> 
     </span>
    </p>

    <p class='ocr_par' dir='ltr' id='par_1_5' title="bbox 218 2489 2428 4409">
     <span class='ocr_line' id='line_1_24' title="bbox 306 2489 2402 2562; baseline 0 -11"><span class='ocrx_word' id='word_1_218' title='bbox 306 2496 360 2551; x_wconf 89' lang='lat'><strong>9.</strong></span> <span class='ocrx_word' id='word_1_219' title='bbox 380 2491 550 2550; x_wconf 88' lang='lat' dir='ltr'><strong>Post</strong></span> <span class='ocrx_word' id='word_1_220' title='bbox 572 2489 732 2548; x_wconf 89' lang='lat' dir='ltr'><strong>illum</strong></span> <span class='ocrx_word' id='word_1_221' title='bbox 757 2489 1121 2562; x_wconf 68' lang='lat' dir='ltr'><strong>Mardonius»,</strong></span> <span class='ocrx_word' id='word_1_222' title='bbox 1144 2490 1335 2550; x_wconf 83' lang='lat' dir='ltr'><strong>talem</strong></span> <span class='ocrx_word' id='word_1_223' title='bbox 1372 2507 1694 2548; x_wconf 86' lang='lat' dir='ltr'><strong>sermonem</strong></span> <span class='ocrx_word' id='word_1_224' title='bbox 1735 2499 1824 2552; x_wconf 87' lang='lat' dir='ltr'><strong>est</strong></span> <span class='ocrx_word' id='word_1_225' title='bbox 1857 2509 2114 2551; x_wconf 71' lang='lat' dir='ltr'><strong>exorsus.</strong></span> <span class='ocrx_word' id='word_1_226' title='bbox 2193 2495 2232 2526; x_wconf 86' lang='lat'><strong>‘⁸</strong></span> <span class='ocrx_word' id='word_1_227' title='bbox 2249 2491 2402 2551; x_wconf 45' lang='lat' dir='ltr'><strong>Dos</strong></span> 
     </span>
     <span class='ocr_line' id='line_1_25' title="bbox 225 2580 2389 2663; baseline 0.001 -21"><span class='ocrx_word' id='word_1_228' title='bbox 225 2582 410 2644; x_wconf 80' lang='lat' dir='ltr'><strong>mine!</strong></span> <span class='ocrx_word' id='word_1_229' title='bbox 462 2593 527 2640; x_wconf 87' lang='lat' dir='ltr'><strong>tu</strong></span> <span class='ocrx_word' id='word_1_230' title='bbox 549 2582 1163 2653; x_wconf 74' lang='lat' dir='ltr'><strong>Persarum-omnium,</strong></span> <span class='ocrx_word' id='word_1_231' title='bbox 1178 2581 1275 2660; x_wconf 88' lang='lat' dir='ltr'><strong>qui</strong></span> <span class='ocrx_word' id='word_1_232' title='bbox 1304 2592 1365 2641; x_wconf 89' lang='lat' dir='ltr'><strong>et</strong></span> <span class='ocrx_word' id='word_1_233' title='bbox 1384 2582 1624 2647; x_wconf 73' lang='lat' dir='ltr'><strong>fuerunt</strong></span> <span class='ocrx_word' id='word_1_234' title='bbox 1645 2590 1707 2640; x_wconf 86' lang='lat' dir='ltr'><strong>et</strong></span> <span class='ocrx_word' id='word_1_235' title='bbox 1725 2580 1906 2640; x_wconf 77' lang='lat' dir='ltr'><strong>futuri</strong></span> <span class='ocrx_word' id='word_1_236' title='bbox 1931 2595 2082 2654; x_wconf 88' lang='lat' dir='ltr'><strong>sunt,</strong></span> <span class='ocrx_word' id='word_1_237' title='bbox 2111 2596 2389 2663; x_wconf 65' lang='lat' dir='ltr'><strong>praestan-³</strong></span> 
     </span>
     <span class='ocr_line' id='line_1_26' title="bbox 226 2665 2386 2753; baseline 0.003 -22"><span class='ocrx_word' id='word_1_238' title='bbox 226 2665 473 2733; x_wconf 73' lang='lat' dir='ltr'>tissimus</span> <span class='ocrx_word' id='word_1_239' title='bbox 514 2693 611 2734; x_wconf 80' lang='lat' dir='ltr'><strong>es:</strong></span> <span class='ocrx_word' id='word_1_240' title='bbox 655 2674 755 2751; x_wconf 92' lang='lat' dir='ltr'><strong>qui</strong></span> <span class='ocrx_word' id='word_1_241' title='bbox 794 2684 856 2732; x_wconf 89' lang='lat' dir='ltr'><strong>et</strong></span> <span class='ocrx_word' id='word_1_242' title='bbox 895 2673 1009 2734; x_wconf 88' lang='lat' dir='ltr'><strong>alia</strong></span> <span class='ocrx_word' id='word_1_243' title='bbox 1046 2673 1324 2753; x_wconf 84' lang='lat' dir='ltr'><strong>praeclara</strong></span> <span class='ocrx_word' id='word_1_244' title='bbox 1340 2667 1770 2750; x_wconf 76' lang='lat' dir='ltr'><strong>--verissimaque</strong></span> <span class='ocrx_word' id='word_1_245' title='bbox 1793 2677 2277 2746; x_wconf 73' lang='lat' dir='ltr'><strong>commemorasti,</strong></span> <span class='ocrx_word' id='word_1_246' title='bbox 2321 2689 2386 2738; x_wconf 83' lang='lat' dir='ltr'><strong>et</strong></span> 
     </span>
     <span class='ocr_line' id='line_1_27' title="bbox 228 2763 2384 2845; baseline 0.002 -22"><span class='ocrx_word' id='word_1_247' title='bbox 228 2765 401 2824; x_wconf 88' lang='lat' dir='ltr'><strong>Ionas</strong></span> <span class='ocrx_word' id='word_1_248' title='bbox 443 2765 729 2845; x_wconf 82' lang='lat' dir='ltr'><strong>Europam</strong></span> <span class='ocrx_word' id='word_1_249' title='bbox 756 2766 1098 2838; x_wconf 78' lang='lat' dir='ltr'><strong>habitantes,</strong></span> <span class='ocrx_word' id='word_1_250' title='bbox 1128 2764 1393 2844; x_wconf 83' lang='lat' dir='ltr'><strong>indignos</strong></span> <span class='ocrx_word' id='word_1_251' title='bbox 1427 2763 1708 2834; x_wconf 78' lang='lat' dir='ltr'><strong>homines,</strong></span> <span class='ocrx_word' id='word_1_252' title='bbox 1737 2782 1852 2824; x_wconf 85' lang='lat' dir='ltr'><strong>non</strong></span> <span class='ocrx_word' id='word_1_253' title='bbox 1865 2783 2144 2844; x_wconf 75' lang='lat' dir='ltr'><strong>passurus</strong></span> <span class='ocrx_word' id='word_1_254' title='bbox 2169 2785 2234 2826; x_wconf 85' lang='lat' dir='ltr'><strong>es</strong></span> <span class='ocrx_word' id='word_1_255' title='bbox 2255 2767 2384 2828; x_wconf 85' lang='lat' dir='ltr'><strong>irri-</strong></span> 
     </span>
     <span class='ocr_line' id='line_1_28' title="bbox 228 2851 2384 2936; baseline 0.002 -20"><span class='ocrx_word' id='word_1_256' title='bbox 228 2857 371 2916; x_wconf 86' lang='lat' dir='ltr'><strong>dere</strong></span> <span class='ocrx_word' id='word_1_257' title='bbox 396 2856 580 2916; x_wconf 81' lang='lat' dir='ltr'><strong>nobis.</strong></span> <span class='ocrx_word' id='word_1_258' title='bbox 662 2856 894 2918; x_wconf 85' lang='lat' dir='ltr'><strong>Etenim</strong></span> <span class='ocrx_word' id='word_1_259' title='bbox 912 2857 1075 2916; x_wconf 15' lang='lat' dir='ltr'><strong>*mira</strong></span> <span class='ocrx_word' id='word_1_260' title='bbox 1108 2867 1283 2936; x_wconf 83' lang='lat' dir='ltr'><strong>atque</strong></span> <span class='ocrx_word' id='word_1_261' title='bbox 1300 2857 1526 2922; x_wconf 81' lang='lat' dir='ltr'><strong>,misera</strong></span> <span class='ocrx_word' id='word_1_262' title='bbox 1560 2851 1664 2919; x_wconf 65' lang='lat' dir='ltr'><strong>res&#39;</strong></span> <span class='ocrx_word' id='word_1_263' title='bbox 1683 2868 1854 2930; x_wconf 84' lang='lat' dir='ltr'><strong>esset,</strong></span> <span class='ocrx_word' id='word_1_264' title='bbox 1885 2877 2063 2936; x_wconf 88' lang='lat' dir='ltr'><strong>quum</strong></span> <span class='ocrx_word' id='word_1_265' title='bbox 2087 2858 2282 2920; x_wconf 76' lang='lat' dir='ltr'><strong>Sacas</strong></span> <span class='ocrx_word' id='word_1_266' title='bbox 2310 2873 2384 2920; x_wconf 68' lang='lat' dir='ltr'><strong>et</strong></span> 
     </span>
     <span class='ocr_line' id='line_1_29' title="bbox 227 2937 2382 3034; baseline 0.002 -28"><span class='ocrx_word' id='word_1_267' title='bbox 227 2937 407 3008; x_wconf 72' lang='lat' dir='ltr'><strong>Indos</strong></span> <span class='ocrx_word' id='word_1_268' title='bbox 433 2959 492 3008; x_wconf 89' lang='lat' dir='ltr'><strong>et</strong></span> <span class='ocrx_word' id='word_1_269' title='bbox 510 2948 813 3034; x_wconf 81' lang='lat' dir='ltr'><strong>·AEthiopas</strong></span> <span class='ocrx_word' id='word_1_270' title='bbox 839 2959 899 3009; x_wconf 87' lang='lat' dir='ltr'><strong>et</strong></span> <span class='ocrx_word' id='word_1_271' title='bbox 924 2949 1213 3029; x_wconf 84' lang='lat' dir='ltr'><strong>Assyrios,</strong></span> <span class='ocrx_word' id='word_1_272' title='bbox 1237 2947 1470 3009; x_wconf 65' lang='lat' dir='ltr'><strong>‹et-alios</strong></span> <span class='ocrx_word' id='word_1_273' title='bbox 1483 2951 1706 3010; x_wconf 75' lang='lat' dir='ltr'><strong>multos</strong></span> <span class='ocrx_word' id='word_1_274' title='bbox 1732 2969 2084 3032; x_wconf 81' lang='lat' dir='ltr'><strong>magnosque</strong></span> <span class='ocrx_word' id='word_1_275' title='bbox 2097 2952 2382 3032; x_wconf 76' lang='lat' dir='ltr'><strong>populos,-</strong></span> 
     </span>
     <span class='ocr_line' id='line_1_30' title="bbox 222 3039 2386 3122; baseline 0.004 -24"><span class='ocrx_word' id='word_1_276' title='bbox 222 3059 343 3100; x_wconf 87' lang='lat' dir='ltr'><strong>non</strong></span> <span class='ocrx_word' id='word_1_277' title='bbox 364 3039 534 3118; x_wconf 79' lang='lat' dir='ltr'><strong>quod</strong></span> <span class='ocrx_word' id='word_1_278' title='bbox 559 3039 820 3116; x_wconf 85' lang='lat' dir='ltr'><strong>injuriam</strong></span> <span class='ocrx_word' id='word_1_279' title='bbox 836 3040 1039 3100; x_wconf 76' lang='lat' dir='ltr'><strong>Persis</strong></span> <span class='ocrx_word' id='word_1_280' title='bbox 1066 3040 1407 3112; x_wconf 75' lang='lat' dir='ltr'><strong>intulissent,</strong></span> <span class='ocrx_word' id='word_1_281' title='bbox 1437 3039 1544 3102; x_wconf 81' lang='lat' dir='ltr'><strong>sed</strong></span> <span class='ocrx_word' id='word_1_282' title='bbox 1569 3042 1729 3121; x_wconf 87' lang='lat' dir='ltr'><strong>quod</strong></span> <span class='ocrx_word' id='word_1_283' title='bbox 1751 3053 2134 3109; x_wconf 72' lang='lat' dir='ltr'><strong>nos—nostram</strong></span> <span class='ocrx_word' id='word_1_284' title='bbox 2161 3060 2386 3122; x_wconf 75' lang='lat' dir='ltr'><strong>augere</strong></span> 
     </span>
     <span class='ocr_line' id='line_1_31' title="bbox 225 3127 2384 3238; baseline 0.004 -50"><span class='ocrx_word' id='word_1_285' title='bbox 225 3130 509 3191; x_wconf 80' lang='lat' dir='ltr'><strong>voluimus</strong></span> <span class='ocrx_word' id='word_1_286' title='bbox 512 3131 860 3238; x_wconf 59' lang='lat' dir='ltr'><strong>potentiam,</strong></span> <span class='ocrx_word' id='word_1_287' title='bbox 884 3131 1290 3210; x_wconf 78' lang='lat' dir='ltr'><strong>subegerimus</strong></span> <span class='ocrx_word' id='word_1_288' title='bbox 1296 3151 1624 3212; x_wconf 74' lang='lat' dir='ltr'><strong>servosque</strong></span> <span class='ocrx_word' id='word_1_289' title='bbox 1636 3127 1987 3204; x_wconf 81' lang='lat' dir='ltr'><strong>habeamus,</strong></span> <span class='ocrx_word' id='word_1_290' title='bbox 2039 3133 2086 3194; x_wconf 90' lang='lat' dir='ltr'><strong>si</strong></span> <span class='ocrx_word' id='word_1_291' title='bbox 2115 3133 2384 3208; x_wconf 54' lang='lat' dir='ltr'><strong>(is-econ</strong></span> 
     </span>
     <span class='ocr_line' id='line_1_32' title="bbox 222 3223 2384 3308; baseline 0.004 -26"><span class='ocrx_word' id='word_1_292' title='bbox 222 3223 319 3302; x_wconf 80' lang='lat' dir='ltr'><strong>qui</strong></span> <span class='ocrx_word' id='word_1_293' title='bbox 344 3223 560 3298; x_wconf 76' lang='lat' dir='ltr'><strong>injuriis</strong></span> <span class='ocrx_word' id='word_1_294' title='bbox 576 3241 683 3283; x_wconf 89' lang='lat' dir='ltr'><strong>nos</strong></span> <span class='ocrx_word' id='word_1_295' title='bbox 702 3224 1131 3296; x_wconf 76' lang='lat' dir='ltr'><strong>lacessiverunt,</strong></span> <span class='ocrx_word' id='word_1_296' title='bbox 1158 3224 1401 3302; x_wconf 82' lang='lat' dir='ltr'><strong>impune-</strong></span> <span class='ocrx_word' id='word_1_297' title='bbox 1410 3224 1572 3284; x_wconf 85' lang='lat' dir='ltr'><strong>abire</strong></span> <span class='ocrx_word' id='word_1_298' title='bbox 1592 3225 1960 3308; x_wconf 76' lang='lat' dir='ltr'><strong>pateremur.</strong></span> <span class='ocrx_word' id='word_1_299' title='bbox 1991 3224 2138 3306; x_wconf 71' lang='lat' dir='ltr'><strong>quid</strong></span> <span class='ocrx_word' id='word_1_300' title='bbox 2145 3227 2384 3290; x_wconf 78' lang='lat' dir='ltr'><strong>taudem</strong></span> 
     </span>
     <span class='ocr_line' id='line_1_33' title="bbox 222 3306 2416 3398; baseline 0.003 -24"><span class='ocrx_word' id='word_1_301' title='bbox 222 3323 589 3374; x_wconf 78' lang='lat' dir='ltr'><strong>metuentes.</strong></span> <span class='ocrx_word' id='word_1_302' title='bbox 568 3314 597 3358; x_wconf 90' lang='lat'><strong><em>⁹</em></strong></span> <span class='ocrx_word' id='word_1_303' title='bbox 648 3332 951 3394; x_wconf 80' lang='lat' dir='ltr'><strong>quemnam</strong></span> <span class='ocrx_word' id='word_1_304' title='bbox 978 3315 1370 3380; x_wconf 79' lang='lat' dir='ltr'><strong>multitudinis</strong></span> <span class='ocrx_word' id='word_1_305' title='bbox 1378 3306 1758 3382; x_wconf 81' lang='lat' dir='ltr'><strong>concursum⁹</strong></span> <span class='ocrx_word' id='word_1_306' title='bbox 1809 3335 1992 3398; x_wconf 72' lang='lat' dir='ltr'><strong>quam</strong></span> <span class='ocrx_word' id='word_1_307' title='bbox 2007 3320 2382 3398; x_wconf 79' lang='lat' dir='ltr'><strong>pecuniarum</strong></span> <span class='ocrx_word' id='word_1_308' title='bbox 2411 3356 2416 3368; x_wconf 81' lang='lat'><strong>‹</strong></span> 
     </span>
     <span class='ocr_line' id='line_1_34' title="bbox 218 3405 2414 3488; baseline 0.002 -24"><span class='ocrx_word' id='word_1_309' title='bbox 218 3406 389 3465; x_wconf 74' lang='lat' dir='ltr'><strong>vim?</strong></span> <span class='ocrx_word' id='word_1_310' title='bbox 425 3411 519 3480; x_wconf 94' lang='grc'><strong>(9.</strong></span> <span class='ocrx_word' id='word_1_311' title='bbox 552 3405 631 3484; x_wconf 82' lang='lat'><strong>1.)</strong></span> <span class='ocrx_word' id='word_1_312' title='bbox 671 3408 951 3468; x_wconf 78' lang='lat' dir='ltr'><strong>Novimus</strong></span> <span class='ocrx_word' id='word_1_313' title='bbox 982 3427 1123 3468; x_wconf 82' lang='lat' dir='ltr'><strong>sane</strong></span> <span class='ocrx_word' id='word_1_314' title='bbox 1146 3405 1371 3467; x_wconf 86' lang='lat' dir='ltr'><strong>illorum</strong></span> <span class='ocrx_word' id='word_1_315' title='bbox 1394 3429 1622 3487; x_wconf 80' lang='lat' dir='ltr'><strong>pugnae-</strong></span> <span class='ocrx_word' id='word_1_316' title='bbox 1641 3423 1867 3488; x_wconf 83' lang='lat' dir='ltr'><strong>genus·</strong></span> <span class='ocrx_word' id='word_1_317' title='bbox 1897 3411 2160 3471; x_wconf 77' lang='lat' dir='ltr'><strong>novimus</strong></span> <span class='ocrx_word' id='word_1_318' title='bbox 2199 3413 2376 3474; x_wconf 78' lang='lat' dir='ltr'><strong>etiam</strong></span> <span class='ocrx_word' id='word_1_319' title='bbox 2409 3463 2414 3468; x_wconf 84' lang='lat'><strong>.</strong></span> 
     </span>
     <span class='ocr_line' id='line_1_35' title="bbox 220 3497 2378 3578; baseline 0.005 -23"><span class='ocrx_word' id='word_1_320' title='bbox 220 3515 396 3576; x_wconf 78' lang='lat' dir='ltr'><strong>quam</strong></span> <span class='ocrx_word' id='word_1_321' title='bbox 424 3497 733 3560; x_wconf 84' lang='lat' dir='ltr'><strong>imbecilles</strong></span> <span class='ocrx_word' id='word_1_322' title='bbox 760 3498 869 3558; x_wconf 84' lang='lat' dir='ltr'><strong>sint</strong></span> <span class='ocrx_word' id='word_1_323' title='bbox 896 3500 1041 3560; x_wconf 86' lang='lat' dir='ltr'><strong>vires</strong></span> <span class='ocrx_word' id='word_1_324' title='bbox 1059 3519 1085 3559; x_wconf 93' lang='grc'><strong>.·</strong></span> <span class='ocrx_word' id='word_1_325' title='bbox 1126 3499 1385 3578; x_wconf 84' lang='lat' dir='ltr'><strong>filiosque</strong></span> <span class='ocrx_word' id='word_1_326' title='bbox 1427 3519 1623 3560; x_wconf 88' lang='lat' dir='ltr'><strong>eorum</strong></span> <span class='ocrx_word' id='word_1_327' title='bbox 1647 3503 1919 3562; x_wconf 77' lang='lat' dir='ltr'><strong>subactas</strong></span> <span class='ocrx_word' id='word_1_328' title='bbox 1946 3501 2242 3575; x_wconf 77' lang='lat' dir='ltr'><strong>habemus,</strong></span> <span class='ocrx_word' id='word_1_329' title='bbox 2271 3504 2378 3566; x_wconf 83' lang='lat' dir='ltr'><strong>h&#39;os</strong></span> 
     </span>
     <span class='ocr_line' id='line_1_36' title="bbox 224 3587 2428 3672; baseline 0.005 -26"><span class='ocrx_word' id='word_1_330' title='bbox 224 3587 327 3667; x_wconf 80' lang='lat' dir='ltr'><strong>qui</strong></span> <span class='ocrx_word' id='word_1_331' title='bbox 350 3589 413 3647; x_wconf 91' lang='lat' dir='ltr'><strong>in</strong></span> <span class='ocrx_word' id='word_1_332' title='bbox 436 3602 633 3650; x_wconf 88' lang='lat' dir='ltr'><strong>nostra</strong></span> <span class='ocrx_word' id='word_1_333' title='bbox 657 3601 806 3650; x_wconf 86' lang='lat' dir='ltr'><strong>terra</strong></span> <span class='ocrx_word' id='word_1_334' title='bbox 831 3592 1001 3652; x_wconf 84' lang='lat' dir='ltr'><strong>sedes</strong></span> <span class='ocrx_word' id='word_1_335' title='bbox 1026 3591 1258 3662; x_wconf 87' lang='lat' dir='ltr'><strong>habent,</strong></span> <span class='ocrx_word' id='word_1_336' title='bbox 1288 3601 1348 3650; x_wconf 88' lang='lat' dir='ltr'><strong>et</strong></span> <span class='ocrx_word' id='word_1_337' title='bbox 1374 3592 1554 3652; x_wconf 88' lang='lat' dir='ltr'><strong>Iones</strong></span> <span class='ocrx_word' id='word_1_338' title='bbox 1569 3603 1643 3651; x_wconf 90' lang='lat' dir='ltr'><strong>-et</strong></span> <span class='ocrx_word' id='word_1_339' title='bbox 1671 3593 1966 3658; x_wconf 83' lang='lat' dir='ltr'><strong>AEolenses</strong></span> <span class='ocrx_word' id='word_1_340' title='bbox 1985 3605 2048 3654; x_wconf 89' lang='lat' dir='ltr'><strong>et</strong></span> <span class='ocrx_word' id='word_1_341' title='bbox 2063 3589 2382 3658; x_wconf 80' lang='lat' dir='ltr'><strong>Dorienses</strong></span> <span class='ocrx_word' id='word_1_342' title='bbox 2419 3627 2428 3672; x_wconf 70' lang='lat'><em>2</em></span> 
     </span>
     <span class='ocr_line' id='line_1_37' title="bbox 224 3680 2426 3763; baseline 0.004 -24"><span class='ocrx_word' id='word_1_343' title='bbox 224 3680 611 3740; x_wconf 83' lang='lat' dir='ltr'><strong>nominantur.</strong></span> <span class='ocrx_word' id='word_1_344' title='bbox 634 3707 641 3716; x_wconf 92' lang='lat'><strong>·</strong></span> <span class='ocrx_word' id='word_1_345' title='bbox 683 3685 880 3760; x_wconf 76' lang='lat' dir='ltr'><strong>Atque</strong></span> <span class='ocrx_word' id='word_1_346' title='bbox 904 3683 1076 3742; x_wconf 81' lang='lat' dir='ltr'><strong>etiam</strong></span> <span class='ocrx_word' id='word_1_347' title='bbox 1102 3683 1225 3762; x_wconf 89' lang='lat' dir='ltr'><strong>ipse</strong></span> <span class='ocrx_word' id='word_1_348' title='bbox 1242 3701 1353 3762; x_wconf 88' lang='lat' dir='ltr'><strong>ego</strong></span> <span class='ocrx_word' id='word_1_349' title='bbox 1372 3685 1694 3763; x_wconf 81' lang='lat' dir='ltr'><strong>periculum</strong></span> <span class='ocrx_word' id='word_1_350' title='bbox 1712 3685 1916 3747; x_wconf 85' lang='lat' dir='ltr'><strong>horum</strong></span> <span class='ocrx_word' id='word_1_351' title='bbox 1934 3686 2225 3748; x_wconf 79' lang='lat' dir='ltr'><strong>hominum</strong></span> <span class='ocrx_word' id='word_1_352' title='bbox 2242 3688 2378 3761; x_wconf 73' lang='lat' dir='ltr'><strong>feci,¹</strong></span> <span class='ocrx_word' id='word_1_353' title='bbox 2422 3749 2426 3754; x_wconf 78' lang='grc'><em>,</em></span> 
     </span>
     <span class='ocr_line' id='line_1_38' title="bbox 224 3770 2378 3856; baseline 0.005 -27"><span class='ocrx_word' id='word_1_354' title='bbox 224 3770 498 3832; x_wconf 82' lang='lat' dir='ltr'><strong>adversus</strong></span> <span class='ocrx_word' id='word_1_355' title='bbox 522 3772 650 3832; x_wconf 86' lang='lat' dir='ltr'><strong>illos</strong></span> <span class='ocrx_word' id='word_1_356' title='bbox 676 3792 712 3831; x_wconf 87' lang='lat' dir='ltr'><strong>a</strong></span> <span class='ocrx_word' id='word_1_357' title='bbox 736 3785 901 3852; x_wconf 80' lang='lat' dir='ltr'><strong>patre</strong></span> <span class='ocrx_word' id='word_1_358' title='bbox 920 3785 1021 3834; x_wconf 81' lang='lat' dir='ltr'><strong>tuo</strong></span> <span class='ocrx_word' id='word_1_359' title='bbox 1040 3773 1244 3834; x_wconf 85' lang='lat' dir='ltr'><strong>missus</strong></span> <span class='ocrx_word' id='word_1_360' title='bbox 1266 3795 1281 3834; x_wconf 73' lang='grc' dir='ltr'><strong>ε</strong></span> <span class='ocrx_word' id='word_1_361' title='bbox 1320 3775 1462 3849; x_wconf 80' lang='lat' dir='ltr'><strong>ubi,</strong></span> <span class='ocrx_word' id='word_1_362' title='bbox 1482 3795 1660 3854; x_wconf 85' lang='lat' dir='ltr'><strong>quum</strong></span> <span class='ocrx_word' id='word_1_363' title='bbox 1677 3795 1864 3856; x_wconf 76' lang='lat' dir='ltr'><strong>usque</strong></span> <span class='ocrx_word' id='word_1_364' title='bbox 1891 3778 1956 3836; x_wconf 82' lang='lat' dir='ltr'><strong>in·</strong></span> <span class='ocrx_word' id='word_1_365' title='bbox 1977 3777 2378 3844; x_wconf 75' lang='lat' dir='ltr'><strong>Macedoniam</strong></span> 
     </span>
     <span class='ocr_line' id='line_1_39' title="bbox 222 3859 2412 3949; baseline 0.005 -29"><span class='ocrx_word' id='word_1_366' title='bbox 222 3861 511 3922; x_wconf 79' lang='lat' dir='ltr'><strong>duxissem</strong></span> <span class='ocrx_word' id='word_1_367' title='bbox 532 3864 869 3934; x_wconf 85' lang='lat' dir='ltr'><strong>exercitum,</strong></span> <span class='ocrx_word' id='word_1_368' title='bbox 886 3861 953 3924; x_wconf 74' lang='lat' dir='ltr'><strong>et</strong></span> <span class='ocrx_word' id='word_1_369' title='bbox 972 3867 1384 3945; x_wconf 83' lang='lat' dir='ltr'><strong>propemodum</strong></span> <span class='ocrx_word' id='word_1_370' title='bbox 1406 3868 1481 3927; x_wconf 86' lang='lat' dir='ltr'><strong>ad</strong></span> <span class='ocrx_word' id='word_1_371' title='bbox 1507 3868 1656 3948; x_wconf 86' lang='lat' dir='ltr'><strong>ipsas</strong></span> <span class='ocrx_word' id='word_1_372' title='bbox 1677 3859 2062 3949; x_wconf 77' lang='lat' dir='ltr'><strong>pervenissem</strong></span> <span class='ocrx_word' id='word_1_373' title='bbox 2093 3871 2377 3944; x_wconf 77' lang='lat' dir='ltr'><strong>Athenas,·</strong></span> <span class='ocrx_word' id='word_1_374' title='bbox 2407 3933 2412 3938; x_wconf 70' lang='grc'><strong>,</strong></span> 
     </span>
     <span class='ocr_line' id='line_1_40' title="bbox 220 3953 2378 4042; baseline 0.006 -33"><span class='ocrx_word' id='word_1_375' title='bbox 220 3969 397 4012; x_wconf 86' lang='lat' dir='ltr'><strong>nemo</strong></span> <span class='ocrx_word' id='word_1_376' title='bbox 416 3953 552 4013; x_wconf 87' lang='lat' dir='ltr'><strong>mihi</strong></span> <span class='ocrx_word' id='word_1_377' title='bbox 576 3954 637 4012; x_wconf 90' lang='lat' dir='ltr'><strong>in</strong></span> <span class='ocrx_word' id='word_1_378' title='bbox 658 3956 840 4017; x_wconf 86' lang='lat' dir='ltr'><strong>aciem</strong></span> <span class='ocrx_word' id='word_1_379' title='bbox 862 3957 1121 4020; x_wconf 69' lang='lat' dir='ltr'><strong>occurrit.</strong></span> <span class='ocrx_word' id='word_1_380' title='bbox 1162 3960 1243 4038; x_wconf 90' lang='grc'><strong>(9.</strong></span> <span class='ocrx_word' id='word_1_381' title='bbox 1270 3958 1359 4035; x_wconf 72' lang='grc'><strong>2.)</strong></span> <span class='ocrx_word' id='word_1_382' title='bbox 1386 3961 1748 4042; x_wconf 71' lang='lat' dir='ltr'><strong>Quamquam</strong></span> <span class='ocrx_word' id='word_1_383' title='bbox 1775 3961 2127 4040; x_wconf 72' lang='lat' dir='ltr'><strong>caeteroquin</strong></span> <span class='ocrx_word' id='word_1_384' title='bbox 2140 3963 2378 4042; x_wconf 75' lang='lat' dir='ltr'><strong>¹quidem</strong></span> 
     </span>
     <span class='ocr_line' id='line_1_41' title="bbox 223 4047 2372 4125; baseline 0.005 -21"><span class='ocrx_word' id='word_1_385' title='bbox 223 4057 577 4106; x_wconf 79' lang='lat' dir='ltr'><strong>censuerunt</strong></span> <span class='ocrx_word' id='word_1_386' title='bbox 590 4050 691 4124; x_wconf 67' lang='grc' dir='ltr'><strong>’(ιιι</strong></span> <span class='ocrx_word' id='word_1_387' title='bbox 712 4047 905 4124; x_wconf 87' lang='lat' dir='ltr'><strong>audio)</strong></span> <span class='ocrx_word' id='word_1_388' title='bbox 930 4049 1122 4107; x_wconf 80' lang='lat' dir='ltr'><strong>Graeei</strong></span> <span class='ocrx_word' id='word_1_389' title='bbox 1147 4049 1624 4112; x_wconf 83' lang='lat' dir='ltr'><strong>inconsultissime</strong></span> <span class='ocrx_word' id='word_1_390' title='bbox 1644 4053 1808 4119; x_wconf 73' lang='lat' dir='ltr'><strong>belia</strong></span> <span class='ocrx_word' id='word_1_391' title='bbox 1827 4071 1931 4112; x_wconf 83' lang='lat' dir='ltr'><strong>sua</strong></span> <span class='ocrx_word' id='word_1_392' title='bbox 1957 4053 2372 4125; x_wconf 74' lang='lat' dir='ltr'><strong>administrare,</strong></span> 
     </span>
     <span class='ocr_line' id='line_1_42' title="bbox 220 4133 2378 4225; baseline 0.005 -31"><span class='ocrx_word' id='word_1_393' title='bbox 220 4133 437 4196; x_wconf 81' lang='lat' dir='ltr'><strong>stolida</strong></span> <span class='ocrx_word' id='word_1_394' title='bbox 460 4147 521 4196; x_wconf 89' lang='lat' dir='ltr'><strong>et</strong></span> <span class='ocrx_word' id='word_1_395' title='bbox 546 4139 827 4216; x_wconf 83' lang='lat' dir='ltr'><strong>pervicaci</strong></span> <span class='ocrx_word' id='word_1_396' title='bbox 852 4140 1097 4219; x_wconf 80' lang='lat' dir='ltr'><strong>quadam</strong></span> <span class='ocrx_word' id='word_1_397' title='bbox 1124 4143 1534 4206; x_wconf 81' lang='lat' dir='ltr'><strong>confidentia.</strong></span> <span class='ocrx_word' id='word_1_398' title='bbox 1582 4145 2074 4225; x_wconf 84' lang='lat' dir='ltr'><strong>Postquam-enim</strong></span> <span class='ocrx_word' id='word_1_399' title='bbox 2107 4147 2378 4206; x_wconf 79' lang='lat' dir='ltr'><strong>sibi-invi·</strong></span> 
     </span>
     <span class='ocr_line' id='line_1_43' title="bbox 222 4228 2384 4318; baseline 0.006 -33"><span class='ocrx_word' id='word_1_400' title='bbox 222 4245 355 4286; x_wconf 85' lang='lat' dir='ltr'><strong>cem</strong></span> <span class='ocrx_word' id='word_1_401' title='bbox 379 4228 595 4288; x_wconf 86' lang='lat' dir='ltr'><strong>bellum</strong></span> <span class='ocrx_word' id='word_1_402' title='bbox 618 4229 971 4302; x_wconf 80' lang='lat' dir='ltr'><strong>indixerunt,</strong></span> <span class='ocrx_word' id='word_1_403' title='bbox 962 4231 1436 4310; x_wconf 79' lang='lat' dir='ltr'><strong>pulcherrimam</strong></span> <span class='ocrx_word' id='word_1_404' title='bbox 1451 4246 1522 4296; x_wconf 87' lang='lat' dir='ltr'><strong>et·</strong></span> <span class='ocrx_word' id='word_1_405' title='bbox 1533 4236 1943 4314; x_wconf 65' lang='lat' dir='ltr'><strong>apertissimam</strong></span> <span class='ocrx_word' id='word_1_406' title='bbox 1965 4247 2230 4317; x_wconf 60' lang='lat' dir='ltr'><strong>qumi-unt</strong></span> <span class='ocrx_word' id='word_1_407' title='bbox 2255 4239 2384 4318; x_wconf 77' lang='lat' dir='ltr'><strong>pla·-</strong></span> 
     </span>
     <span class='ocr_line' id='line_1_44' title="bbox 224 4318 2416 4409; baseline 0.008 -34"><span class='ocrx_word' id='word_1_408' title='bbox 224 4318 455 4390; x_wconf 63' lang='lat' dir='ltr'><strong>niuem,</strong></span> <span class='ocrx_word' id='word_1_409' title='bbox 488 4320 549 4380; x_wconf 90' lang='lat' dir='ltr'><strong>in</strong></span> <span class='ocrx_word' id='word_1_410' title='bbox 590 4341 763 4401; x_wconf 80' lang='lat' dir='ltr'><strong>quam</strong></span> <span class='ocrx_word' id='word_1_411' title='bbox 794 4323 1153 4386; x_wconf 77' lang='lat' dir='ltr'><strong>descendant</strong></span> <span class='ocrx_word' id='word_1_412' title='bbox 1186 4345 1387 4385; x_wconf 81' lang='lat' dir='ltr'><strong>manus</strong></span> <span class='ocrx_word' id='word_1_413' title='bbox 1426 4329 1777 4392; x_wconf 79' lang='lat' dir='ltr'><strong>conserturit</strong></span> <span class='ocrx_word' id='word_1_414' title='bbox 1841 4349 1959 4409; x_wconf 84' lang='lat' dir='ltr'><strong>quo</strong></span> <span class='ocrx_word' id='word_1_415' title='bbox 1993 4330 2064 4389; x_wconf 74' lang='lat' dir='ltr'><strong>fit</strong></span> <span class='ocrx_word' id='word_1_416' title='bbox 2097 4341 2162 4389; x_wconf 85' lang='lat' dir='ltr'><strong>ut</strong></span> <span class='ocrx_word' id='word_1_417' title='bbox 2175 4331 2374 4392; x_wconf 53' lang='lat' dir='ltr'><strong>auam</strong></span> <span class='ocrx_word' id='word_1_418' title='bbox 2407 4323 2416 4332; x_wconf 70' lang='grc'><strong><em>’</em></strong></span> 
     </span>
    </p>
   </div>
   <div class='ocr_carea' id='block_1_5' title="bbox 222 4407 2392 4532">
    <p class='ocr_par' dir='ltr' id='par_1_6' title="bbox 222 4407 2392 4532">
     <span class='ocr_line' id='line_1_45' title="bbox 222 4407 2392 4532; baseline 0.007 -60"><span class='ocrx_word' id='word_1_419' title='bbox 222 4407 475 4474; x_wconf 65' lang='lat' dir='ltr'><strong>viatores</strong></span> <span class='ocrx_word' id='word_1_420' title='bbox 502 4431 725 4494; x_wconf 85' lang='lat' dir='ltr'><strong>magno</strong></span> <span class='ocrx_word' id='word_1_421' title='bbox 740 4433 871 4476; x_wconf 83' lang='lat' dir='ltr'><strong>cum</strong></span> <span class='ocrx_word' id='word_1_422' title='bbox 898 4416 1243 4532; x_wconf 80' lang='lat' dir='ltr'><strong>detrimento</strong></span> <span class='ocrx_word' id='word_1_423' title='bbox 1270 4418 1609 4512; x_wconf 72' lang='lat' dir='ltr'><strong>discedant-5</strong></span> <span class='ocrx_word' id='word_1_424' title='bbox 1653 4420 1728 4481; x_wconf 82' lang='lat' dir='ltr'><strong>ds</strong></span> <span class='ocrx_word' id='word_1_425' title='bbox 1753 4420 1922 4482; x_wconf 82' lang='lat' dir='ltr'><strong>victis</strong></span> <span class='ocrx_word' id='word_1_426' title='bbox 1937 4431 2132 4492; x_wconf 73' lang='lat' dir='ltr'><strong>autem</strong></span> <span class='ocrx_word' id='word_1_427' title='bbox 2139 4441 2250 4486; x_wconf 83' lang='lat' dir='ltr'><strong>ns</strong></span> <span class='ocrx_word' id='word_1_428' title='bbox 2235 4431 2392 4486; x_wconf 61' lang='lat' dir='ltr'><strong>m-</strong></span> 
     </span>
    </p>
   </div>
  </div>
 </body>
</html>
