2817 4792
1011 277 1556 340 mmmmm.
1665 289 1670 294 ·
1752 261 1795 302 ’·
2276 260 2396 348 3⁷7³

192 405 393 475 rum
412 405 689 475 immanis
726 409 996 476 numanis
1004 411 1215 482 castra
1238 393 1489 479 secutus
1503 429 1614 480 est.
1681 415 1886 486 Quare
1923 416 2152 480 minime
2197 420 2406 482 miram·

198 508 392 566 dum
436 507 573 564 mihi
618 505 861 578 videtur,
906 504 1225 594 fluminum·
1240 505 1644 570 nonnullorum
1691 529 1896 588 aquam
1933 507 2257 571 defecisse·
2261 513 2424 588 εεᾱἋ
2495 490 2504 507 ’

206 599 393 658 mad
438 599 631 678 potius
670 599 857 671 miror,
895 617 1013 678 quo
1058 611 1236 690 pacto
1273 591 1495 664 cibaria
1533 602 1859 662 suffecerint
1898 614 1986 662 tot
2039 572 2405 682 myriadibus.

212 690 486 750 Etenim
510 691 653 776 inito
678 689 905 750 calculo
920 691 1174 770 reperio,
1194 693 1252 752 si
1267 713 1446 752 unum
1469 694 1643 754 tritici
1673 693 1986 752 chaenicem
2013 695 2406 772 unusquisque

212 781 306 840 in
334 782 513 851 diem,
536 791 648 840 ne'c
686 771 947 860 ιιιιιρῙὶιιε,
974 785 1220 864 accepit,
1259 785 1494 864 singulis
1529 785 1733 846 diebus
1761 795 2060 848 consumta
2099 805 2224 844 esse
2263 801 2409 844 cen-
2427 847 2430 850 ,

220 884 393 933 tens
420 883 492 932 et
526 873 681 932 dena
702 873 881 933 millia
905 875 1345 947 medimnorum,
1372 877 1724 963 insuperque
1761 876 2079 956 medimnos
2117 886 2406 934 trecentos

232 975 317 1024 et
366 949 796 1052 quadraginta·
828 984 951 1042 quo
969 966 1029 1024 in
1056 967 1283 1027 calculo
1306 987 1427 1027 non
1453 967 1775 1048 εοιιιριιιεύἱ
1800 953 1880 1039 id,
1902 968 2060 1045 quod
2077 967 2409 1025 mulieribus

234 1065 315 1114 et
340 1055 618 1116 eunuchis
644 1066 707 1115 et
722 1057 1005 1142 Jumentis
1024 1069 1085 1117 et
1111 1060 1357 1118 canibus
1378 1059 1549 1118 tribui
1566 1058 1789 1135 debuit.
1873 1059 1990 1117 Tot
2014 1067 2208 1117 autem
2231 1075 2409 1136 quum

227 1147 462 1206 fuerint
498 1147 747 1206 virorum
774 1148 1081 1227 myriades,
1107 1151 1309 1209 formae
1331 1150 1686 1230 praestantia
1685 1160 1746 1208 et
1780 1120 2176 1228 magnitudine
2187 1162 2404 1228 corpo-³

232 1238 329 1298 'ris
356 1257 547 1310 nemo,
576 1256 747 1317 quam
772 1241 1035 1300 Xerxes
1018 1258 1160 1320 ipse,
1184 1241 1407 1320 dignior
1431 1241 1542 1300 fuit
1561 1241 1658 1319 qui
1677 1251 1838 1302 tanto
1857 1251 2128 1318 praeesset
2148 1239 2410 1318 imperio

336 1333 471 1390 188.
512 1331 661 1390 Jam
684 1331 897 1403 classis,
938 1343 1240 1413 postquam
1280 1333 1480 1392 solutis
1519 1325 1776 1403 navibus,
1817 1343 1885 1391 ut
1923 1345 2095 1408 supra
2133 1328 2274 1401 dixi,
2315 1349 2411 1390 se-⁸

244 1418 451 1480 eundo
478 1433 645 1481 eursu
672 1423 750 1481 ad
774 1418 935 1506 littus
960 1433 1129 1483 terrae
1157 1423 1480 1502 Magnesia
1513 1423 1788 1502 pervenit,
1817 1423 2005 1502 quod
1991 1435 2143 1481 mter
2169 1423 2410 1482 Cantha
2428 1418 2446 1430 “

244 1522 441 1571 nesam
466 1513 758 1590 oppidum
765 1523 825 1572 et
852 1531 1010 1572 oram
1042 1515 1353 1600 Sepiadem
1376 1513 1744 1591 interjectum
1767 1524 1893 1582 es‘t·
1926 1514 2148 1590 -pr'iores
2177 1513 2412 1590 quidem

242 1620 431 1663 naves
446 1605 728 1683 adipsam
754 1593 969 1663 terram
994 1605 1353 1684 adpulemnt,
1372 1605 1610 1684 reliquae
1635 1623 1793 1676 vero,
1823 1604 2090 1683 quoniam
2117 1623 2240 1662 non.
2261 1605 2410 1662 adeo

248 1696 379 1754 late
416 1688 667 1774 patebat
690 1694 872 1772 littus,
898 1705 1031 1774 post
1065 1697 1189 1755 illas
1229 1697 1285 1755 in
1327 1697 1553 1756 ancoris
1591 1696 1890 1758 stationem
1929 1705 2226 1772 ceperunt,
2253 1707 2414 1753 mare
2446 1760 2450 1763 ,

240 1793 698 1869 σΡεειειιιεε,-εῑ
725 1795 858 1845 octo·
880 1787 1157 1868 deinceps
1186 1787 1480 1846 ordinibus
1519 1787 1577 1845 in
1603 1787 1986 1866 quincuncem
2013 1787 2238 1844 locatae.
2317 1781 2413 1844 Ita

251 1876 496 1956 quidem
520 1893 649 1937 eam
688 1889 920 1938 noctem
946 1866 1301 1956 transegere.
1382 1879 1504 1938 Sub
1529 1879 1718 1938 lucem
1743 1897 1902 1948 vero,
1929 1894 2106 1955 quum
2143 1892 2413 1940 serenum

252 1967 435 2028 adid
448 1979 677 2048 tempus
704 1967 911 2028 coelum
946 1969 1395 2049 tranquillusque
1420 1969 1620 2030 fuisset
1643 1987 1762 2040 aer,
1789 1967 1978 2028 subito
2003 1967 2414 2028 effervescente

252 2061 404 2120 mari
449 2062 636 2138 iugem
658 2063 859 2120 coorta
898 2071 987 2121 est
1020 2069 1324 2146 tempestas,
1348 2061 1770 2139 vehemensque
1808 2070 2011 2120 ventus
2055 2058 2416 2128 subsolanus.

247 2170 427 2229 quem
457 2147 917 2230 Hellespontian
944 2161 1156 2212 vocant
1193 2153 1369 2230 hujus
1390 2153 1649 2236 regionis
1679 2151 1901 2210 incolae.
1984 2152 2284 2228 Quotquot
2304 2149 2416 2228 igi-

254 2255 358 2301 tur
384 2263 463 2302 ex
487 2243 575 2303 his
602 2257 1011 2330 augescentem
1036 2243 1552 2304 animadverterant
1575 2254 1830 2312 ventum,
1853 2253 1916 2302 et
1941 2242 2144 2322 quibus
2167 2259 2313 2326 per
2301 2251 2421 2302 stn-

251 2330 433 2394 tionis
468 2336 755 2394 rationem
776 2335 955 2407 licuit,
982 2336 1043 2395 hi
1070 2335 1360 2395 subductis
1399 2336 1459 2393 in
1487 2346 1697 2395 terram
1724 2334 1974 2394 navibus
2001 2351 2036 2393 a
2072 2343 2420 2412 tempestate

256 2427 374 2486 ‘sibi
396 2438 692 2498 caverunt,
716 2423 983 2505 salvique
998 2437 1059 2486 et
1083 2427 1197 2506 ipsi
1217 2437 1279 2485 et
1303 2413 1502 2485 eorum
1529 2445 1704 2496 naves
1731 2435 2052 2488 evaserunt.
2093 2427 2254 2490 Quas
2281 2439 2421 2482 vero

258 2531 441 2577 naves
465 2519 525 2576 in
558 2517 677 2577 alto
714 2529 917 2577 nactus
946 2528 1033 2577 est
1058 2528 1285 2592 ventus,
1312 2517 1518 2576 harum
1545 2515 1686 2576 alias
1711 2515 1790 2574 ad
1820 2517 2000 2595 Ipnos
2033 2513 2125 2594 [id
2163 2519 2252 2575 est
2279 2515 2423 2586 Fur-

258 2609 395 2690 nos]
424 2609 523 2689 qui
546 2621 827 2668 vocantur
852 2595 1139 2688 ahripuit
1124 2630 1183 2667 ιιι
1210 2608 1383 2668 ‘Pelio
1407 2618 1623 2680 monte,
1651 2607 1792 2666 alias
1818 2607 1895 2666 ad
1919 2607 2238 2686 proximum
2263 2605 2423 2666 littus

196 2699 206 2704 ”
256 2699 531 2779 adflixit.
573 2701 699 2760 alise
724 2701 855 2760 ad
837 2719 1017 2779 ipsam
1047 2699 1355 2778 Sepiadem
1400 2698 1596 2758 adiisse
1641 2707 1792 2769 sunt,
1820 2697 1948 2756 aliae
1988 2695 2062 2755 ad
2091 2697 2426 2755 Meliboeam

266 2775 564 2872 oppidum,
603 2793 732 2852 aliae
770 2793 848 2852 ad
892 2791 1295 2852 Casthanoeam
1348 2791 1594 2868 ejectam
1645 2799 1886 2868 eratque
1921 2785 2302 2865 ineluctabilis
2339 2786 2426 2846 vis

269 2887 650 2972 tempestatis.
1025 2932 1043 2944 .,
1136 2925 1149 2934 -

351 2974 500 3039 189.
520 2977 726 3038 Fertur
746 2956 937 3040 autem
954 2975 1131 3046 fama,
1138 2971 1538 3036 Athenienses
1564 2955 1636 3032 ex
1653 2973 1868 3033 oraculi
1889 2990 2162 3051 responso
2181 2971 2428 3058 Boream

270 3067 589 3140 invocasse,
616 3089 791 3148 quum
820 3069 976 3128 aliud
1008 3067 1119 3126 illis
1160 3057 1417 3125 adlatum
1455 3066 1660 3126 finisse-t
1695 3081 2054 3144 responsum,
2078 3064 2287 3142 jubens
2325 3079 2428 3124 eos

270 3169 617 3240 “generum
654 3161 941 3220 advocare
993 3140 1227 3238 auxilio.
1229 3160 1265 3188 ”
1340 3159 1563 3218 Boreas
1603 3157 1774 3227 enim,
1817 3166 1884 3216 ut
1937 3156 2134 3216 Graeci
2177 3165 2430 3230 narrant,

272 3261 513 3312 uxorem
542 3251 742 3312 habuit
770 3235 1048 3323 Atticam,
1079 3251 1404 3330 Orithyiam
1431 3249 1746 3330 Erechthei
1771 3249 2000 3308 filiam.
2035 3247 2161 3308 -Pro
2185 3247 2338 3307 hac·
2321 3247 2432 3327 igi-

272 3353 370 3402 tur
394 3341 691 3402 adfinitate
719 3343 1125 3414 Athenienses,
1154 3353 1219 3401 ut
1244 3342 1402 3402 fama
1428 3352 1534 3414 est,
1561 3340 1961 3416 conjectantes
1989 3341 2236 3400 Boream
2263 3343 2432 3398 suum

276 3453 409 3494 esse
455 3453 752 3513 generum,
775 3438 953 3512 quum
982 3433 1259 3494 Chalcide
1288 3453 1424 3492 cum
1447 3433 1686 3492 navibus
1707 3431 2042 3492 insidiantes
2079 3431 2434 3534 ingruentem
2463 3488 2468 3493 .

276 3523 587 3586 sensissent
612 3535 1034 3612 tempestatem,
1056 3535 1155 3583 aut
1172 3529 1294 3599 jam
1323 3534 1514 3595 antea,
1545 3522 1836 3583 sacrifieiis
1873 3522 2175 3601 placarunt
2207 3521 2433 3580 invoca·
2519 3574 2525 3580 .

268 3621 522 3697 ruhtque
544 3605 791 3676 Boream
818 3626 879 3676 et
904 3615 1248 3694 Orithyiam,
1272 3625 1506 3674 orantes
1530 3623 1594 3674 ut
1623 3615 1840 3689 auxilio
1867 3614 1973 3674 sibi
1998 3614 2278 3682 venirent,
2299 3631 2433 3692 per-

280 3707 601 3803 derentque
635 3708 1021 3768 Barbarorum
1046 3725 1239 3779 naves,
1268 3706 1418 3766 sicut
1443 3717 1615 3767 antea
1638 3707 1718 3766 ‘ad
1755 3699 1957 3765 ‘Athon
1981 3717 2252 3765 montem.
2335 3706 2436 3772 An

280 3795 457 3878 igitu'r
500 3799 655 3858 hanc
694 3799 769 3856 ob
808 3817 1065 3859 caussam
1104 3799 1164 3856 in
1204 3797 1492 3857 Barbaros
1534 3797 1836 3858 stationem
1881 3808 2120 3876 agentes
2157 3795 2438 3876 ingruerit

278 3891 505 3961 boreas,
536 3909 652 3950 non
688 3889 961 3950 definiam
981 3915 999 3952 z
1036 3891 1144 3950 'sed
1187 3889 1572 3950 Athenienses
1597 3889 1826 3968 quidem
1865 3890 2041 3961 aiunt,
2067 3897 2128 3948 et
2165 3885 2336 3947 a‘ntea
2360 3891 2436 3946 'et

279 3991 419 4040 tunc
444 3981 696 4058 Boream
716 3981 873 4060 ipsos
906 3979 1136 4058 juvisse,
1177 3991 1350 4060 atque
1374 3981 1503 4040 haec
1543 3981 1841 4040 effecisse:
1882 3989 1959 4050 et,
1988 3977 2433 4058 postquamdo-

278 4089 439 4131 mum
466 4084 596 4132 sunt
621 4073 849 4143 reversi,
874 4071 1067 4130 fanum
1094 4057 1417 4136 statuerunt
1438 4071 1646 4132 Boreae
1673 4073 1749 4131 ad
1772 4070 1994 4130 Ilissum
2019 4071 2276 4128 fluvium.

364 4159 501 4230 190.
543 4165 679 4224 Hac
720 4163 1062 4233 calamitate,
1085 4161 1183 4240 qui
1208 4163 1497 4220 minimum
1527 4181 1827 4222 numerum
1853 4161 2107 4230 tradunt,
2137 4167 2310 4218 naves
2335 4175 2440 4238 pe·

276 4255 445 4317 riisse
466 4257 624 4317 aiunt
638 4277 767 4318 non
784 4258 971 4316 minus
988 4255 1456 4336 quadringentas,
1477 4255 1737 4315 homines
1763 4263 1954 4313 autem
1979 4251 2436 4322 innumerabiles,

276 4357 353 4410 et
378 4369 568 4412 rerum
594 4350 966 4432 pretiosarum
992 4347 1266 4410 infinitam
1292 4345 1758 4417 multitudinem;
1795 4345 1877 4406 ita
1903 4343 2154 4426 quidem,
2179 4353 2246 4406 ut
2281 4343 2446 4405 Ami·—
