2817 4792
476 281 599 340 au
1076 275 1518 374 nnn-onon
1562 238 1898 336 ms'ron.
1931 271 2041 331 ιν.

562 405 697 468 175.
740 403 824 462 Hi
861 402 1031 482 igitur
1057 423 1229 482 supra
1261 404 1626 464 Nasamones
1650 402 1912 462 habitant
1931 425 1948 458 ε
1991 404 2160 475 juxta
2201 413 2361 456 mare
2381 413 2524 466 vero,-
2551 406 2658 466 ea.

482 497 557 556 ab
584 496 908 566 occidente,
936 495 1156 554 finitimi
1182 496 1514 554 eorumdem
1541 495 1724 554 Macoe
1745 502 1896 552 sunt.
1958 491 2064 550 -Hi
2089 490 2148 548 in
2173 488 2364 550 medio
2393 487 2634 566 capillos

483 605 740 646 crescere
778 587 1045 655 sinentes,
1074 587 1213 646 hinc
1252 605 1389 646 vero
1430 597 1604 664 atque
1631 585 1794 644 illinc
1821 583 1888 642 'in
1913 593 2048 642 cute
2074 581 2402 651 tondentes,
2437 579 2632 638 cristas

481 687 705 752 gerunt.
786 669 859 734 In
905 676 1121 734 bellum
1160 674 1612 754 proficiscentes,
1659 673 2038 734 struthionum
2085 671 2266 750 pelles
2307 690 2413 750 pro
2451 669 2634 728 scutis

483 776 727 844 gestant.
772 767 883 826 Per
910 767 1243 826 eorumdem
1266 767 1538 825 ditionem
1563 766 1782 845 Cinyps
1805 764 2036 836 fluvius,
2061 783 2140 823 ex
2167 761 2315 822 colle
2341 762 2630 840 profluens

484 857 577 916 cui
602 876 813 916 nomen
845 857 1146 927 Chariton,
1172 857 1257 928 (id
1286 867 1393 928 est,
1437 857 1760 916 Gratiarum
1785 857 1970 930 collis)
1997 855 2058 916 in
2086 873 2240 914 mare
2265 845 2632 933 provolvitur.

484 947 605 1006 Hic
650 948 810 1006 collis
840 947 1117 1008 Chariton
1156 947 1483 1006 nemoribus
1508 949 1785 1028 frequens
1825 957 1931 1020 est,
1959 967 2147 1026 quum
2171 945 2394 1024 reliqua
2425 945 2630 1023 Libya,

482 1059 654 1120 quam
682 1040 873 1098 adhuc
920 1039 1384 1110 commemoravi,
1421 1039 1716 1098 arboribus
1740 1038 1897 1098 nuda
1931 1039 2022 1098 sit.
2105 1039 2164 1096 A
2187 1036 2332 1096 mari
2372 1036 2449 1096 ad
2472 1036 2634 1094 illum

482 1130 670 1188 stadia
696 1141 829 1188 sunt
856 1130 1124 1189 ducenta.

568 1224 703 1283 176.
746 1221 939 1280 Macis
964 1221 1053 1282 his
1093 1220 1335 1300 proximi
1360 1232 1494 1280 sunt
1524 1221 1832 1280 Gindam:
1875 1238 2116 1298 quorum
2141 1219 2411 1280 mulieres
2433 1218 2635 1278 fascias

486 1331 561 1372 ex
584 1312 831 1390 pellibus
870 1312 946 1371 ad
974 1312 1183 1390 pedum
1212 1313 1508 1372 malleolos
1535 1321 1770 1390 gestant
1794 1330 2152 1389 unaquaeque
2180 1312 2426 1380 multas;
2461 1311 2632 1388 idque

482 1403 593 1464 hac
620 1403 695 1462 de
740 1422 941 1462 caussa
978 1402 1101 1461 fieri
1144 1403 1347 1462 aiunt:
1388 1414 1456 1463 ut
1483 1423 1612 1463 cum
1651 1421 1884 1482 quoque
1911 1402 2030 1460 viro
2070 1403 2378 1462 concubuit
2413 1402 2631 1472 mulier,

480 1495 561 1564 ita
600 1494 841 1553 fasciam
882 1494 1276 1572 circumligat3
1316 1505 1397 1564 et,
1429 1515 1558 1572 quse
1605 1493 1876 1572 plurimas
1901 1503 2114 1570 gestat,
2143 1511 2216 1552 ea
2241 1492 2631 1618 praestantissi-

480 1603 579 1644 ma
598 1604 724 1644 esse
744 1584 1060 1660 judicatur,
1091 1585 1305 1664 quippe
1332 1605 1369 1644 a
1390 1584 1644 1663 plurimis
1664 1583 1796 1643 viris
1821 1593 2030 1643 amata.

566 1679 700 1739 177.
746 1675 924 1734 Oram
951 1676 1155 1734 horum
1184 1675 1532 1746 Gindanum,
1561 1695 1698 1755 quae.
1730 1675 1790 1733 in
1816 1694 1972 1734 mare
2001 1675 2302 1754 prominet,
2329 1675 2632 1753 Lotophagi

478 1767 779 1828 habitant:
811 1767 911 1845 qui
936 1767 1093 1826 nullo
1122 1767 1233 1826 alio
1254 1767 1405 1837 cibo,
1438 1766 1546 1826 nisi
1571 1766 1676 1826 loti
1699 1766 1915 1838 fructu,
1943 1767 2116 1826 vitam
2139 1777 2484 1827 sustentant.
2525 1767 2630 1826 Est

358 1931 366 1942 ²
480 1870 678 1920 autem
704 1858 1034 1936 lotisructus
1060 1857 1458 1936 magnitudine
1483 1859 1681 1917 baccas
1705 1857 1951 1930 lentisci,
1983 1858 2291 1918 dulcedine
2319 1877 2460 1918 vero
2486 1856 2631 1916 simi-

481 1951 552 2010 lis
577 1951 795 2010 fructui
820 1950 1027 2028 palmae
1042 1949 1290 2010 arboris.
1374 1948 1588 2008 Parant
1628 1968 1766 2008 vero
1791 1949 2122 2028 Lotophagi
2145 1948 2318 2010 etiam
2344 1949 2536 2009 vinum
2561 1969 2632 2008 ex

476 2031 691 2102 'eodem
717 2041 927 2101 fructu.
1082 2093 1089 2098 .

564 2135 699 2197 178.
741 2132 1138 2212 Lotophagos,
1168 2134 1484 2192 secundum
1529 2151 1707 2203 mare,
1753 2133 2052 2212 excipiunt
2079 2133 2361 2208 Machlyes
2375 2158 2401 2202 ‚·
2443 2134 2538 2212 qui
2579 2142 2637 2193 et

481 2224 587 2303 ipsi
611 2223 843 2302 quidem
868 2224 991 2283 loto
1014 2234 1271 2298 utuntur,
1298 2235 1694 2284 verumtamen
1720 2224 1906 2284 minus
1933 2241 2104 2301 quam
2129 2223 2433 2300 praedictis
2447 2265 2462 2284 .
2497 2225 2634 2284 Per-

482 2315 667 2373 tinent
703 2313 765 2370 hi
790 2314 866 2372 ad
911 2315 1127 2374 flumen
1166 2334 1460 2394 magnum,
1491 2315 1584 2376 cui
1609 2334 1819 2392 nomen
1857 2314 2090 2374 Triton:
2134 2311 2564 2394 infunditur-que
2589 2316 2635 2376 is

484 2405 689 2464 fluvius
724 2404 786 2463 in
823 2424 1093 2484 magnum
1116 2408 1287 2464 lacum
1329 2407 1677 2478 Tritonidem,
1705 2407 1763 2465 in
1803 2426 1921 2485 quo
1943 2416 2040 2466 est
2081 2403 2264 2464 insula
2289 2406 2390 2463 cui
2429 2425 2635 2466 nomen

487 2495 650 2554 Phla.
734 2497 905 2556 Hanc
931 2497 1189 2568 insulam,
1211 2498 1389 2571 aiunt,
1417 2497 1897 2558 Lacedaemonios
1924 2517 2001 2556 ex
2032 2495 2248 2556 oraculi
2277 2495 2450 2556 effato
2479 2499 2633 2560 colo⁶

485 2586 867 2646 nis'debuisse
894 2587 1279 2672 frequentare.¹

569 2681 704 2742 179.
748 2678 1029 2740 Narratur
1054 2700 1191 2740 vero
1220 2680 1391 2740 etiam
1418 2681 1548 2740 haec
1574 2683 1828 2742 historia.
1895 2683 2180 2753 Iasonem,
2202 2692 2512 2761 postquam
2531 2684 2634 2743 sub

487 2771 651 2832 Pelio
678 2791 882 2830 navem
918 2773 1083 2852 Argo
1110 2773 1534 2846 construxisset,
1561 2794 1738 2852 quum
1763 2773 1875 2834 alia
1898 2767 2425 2844 hecatombe,'tunc
2451 2786 2518 2834 et.
2540 2775 2637 2846 tri·

485 2863 639 2942 pode
664 2883 829 2922 aeneo
853 2863 913 2921 in
957 2883 1160 2923 navem
1187 2863 1474 2944 imposito,
1506 2864 1968 2942 Peloponnesum
2009 2884 2134 2926 esse
2163 2865 2634 2942 circumtectum,
2679 2871 2684 2874 ’

486 2953 751 3033 Delphos
790 2954 1217 3032 profecturum:
1266 2955 1369 3014 sed
1406 2975 1582 3033 quum
1621 2955 1778 3016 circa
1802 2956 2078 3016 Maleam·
2099 2955 2418 3035 navigaret,
2461 2969 2634 3018 vento

473 3045 665 3126 Iborea
700 3046 999 3124 abreptum
1027 3056 1088 3106 et
1114 3046 1189 3106 ad
1224 3045 1470 3124 Libyam
1498 3047 1674 3106 fuisse
1702 3048 2036 3126 adpulsum3
2077 3048 2398 3126 priusquam
2444 3060 2636 3111 autem

469 3145 693 3196 terram
714 3137 1125 3214 conspexisset,
1154 3137 1386 3196 haesisse
1411 3137 1472 3194 in
1499 3138 1766 3198 brevibus
1795 3138 2106 3198 Tritonidis
2121 3140 2299 3200 lacus.
2378 3141 2472 3202 Ibi
2499 3151 2636 3200 tunc

467 3225 641 3304 inopi
683 3226 919 3298 consilii,
942 3228 1335 3305 nescientique
1364 3248 1478 3308 quo
1515 3240 1684 3307 pacto
1727 3230 2007 3292 educeret
2041 3249 2263 3303 navem,
2303 3231 2636 3310 adparuisse

464 3318 644 3376 ‚aiunt
671 3316 983 3387 Tritonem,
1000 3319 1353 3398 jussisseque
1383 3319 1674 3391 Iasonem,
1704 3332 1768 3380 ut
1795 3322 1905 3380 sibi
1933 3323 2097 3382 daret
2123 3324 2406 3402 tripodem
2432 3324 2595 3383 illum
2615 3349 2640 3394 ς.

488 3409 795 3478 dicentem,
823 3429 877 3465 se
903 3409 1009 3467 illis
1027 3419 1450 3493 monstraturum
1471 3414 1692 3490 exitum,
1731 3425 1786 3470 et
1806 3414 2084 3473 incolumes
2113 3415 2442 3472 emissurum.
2464 3445 2471 3450 -
2511 3414 2633 3474 -cui

484 3509 785 3582 postquam
801 3511 1017 3578 morem
1030 3500 1301 3576 gessisset
1320 3501 1512 3582 Iason,
1532 3512 1654 3564 tum
1673 3501 1972 3561 Tritonem
1993 3503 2104 3560 illis
2120 3514 2304 3562 tutum
2319 3523 2426 3582 per
2440 3504 2635 3570 brevia

444 3638 451 3650 ,
482 3590 704 3668 exitum
722 3599 1080 3661 monstrasse,
1101 3602 1161 3649 et
1179 3592 1462 3670 tripodem
1483 3592 1544 3674 in
1561 3613 1665 3652 suo
1693 3595 1910 3672 templo
1937 3594 2268 3678 deposuisse
2285 3619 2301 3664 ς
2329 3614 2408 3654 ex
2429 3597 2633 3656 eodem

482 3700 621 3758 vero
660 3680 882 3759 tripode
911 3681 1146 3740 oraculo
1176 3683 1331 3742 edito
1373 3702 1496 3742 rem
1523 3703 1750 3754 omnem
1777 3685 1972 3744 Iasoni
2001 3688 2242 3764 ejusque
2278 3686 2448 3746 sociis
2471 3708 2634 3768 ,ιιι-ε-

483 3772 690 3835 dixisse
712 3795 729 3842 3
750 3791 993 3852 nempe,
1024 3779 1059 3806 “
1080 3773 1130 3832 si
1158 3774 1283 3851 quis
1307 3793 1384 3844 ex
1406 3776 1872 3858 Argonautarum
1895 3776 2140 3858 posteris
2167 3776 2450 3855 tripodem
2473 3779 2628 3840 illum

462 3864 829 3940 -abstulisset,
856 3875 993 3923 tune
1023 3864 1335 3926 inevitabili
1360 3868 1704 3942 necessitate
1745 3877 1978 3928 centum
2015 3870 2189 3931 urbes
2215 3869 2464 3929 Graecas
2485 3870 2629 3946 circa

477 3955 839 4015 Tritonidem
852 3955 1048 4017 lacum
1069 3973 1198 4016 esse
1226 3957 1594 4022 condendas-³
1579 3965 1619 3993 ”
1701 3959 1848 4026 Quae
1863 3958 1962 4022 ubi
1989 3959 2390 4040 cognovissent
2415 3939 2625 4041 Libyes

468 4047 647 4108 hanc
655 4045 949 4124 regionem
966 4043 1311 4123 incolentes,
1340 4049 1622 4130 tripodem
1643 4049 1768 4110 illos
1797 4049 2138 4130 occultasse.

555 4142 693 4204 180.
733 4136 1077 4220 Machlyum
1094 4138 1305 4198 horum
1334 4139 1559 4204 finitimi
1581 4151 1715 4202 sunt
1741 4124 2050 4209 Ausensessu
2079 4142 2188 4222 qui
2214 4141 2430 4220 pariter
2457 4153 2625 4222 atque
2701 4149 2708 4155 '

388 4310 396 4321 .
464 4229 577 4298 illi
595 4213 952 4312 Tritonidem
984 4215 1185 4292 lacum
1226 4231 1540 4312 adcolunt,
1565 4231 1677 4314 sed
1715 4232 2102 4315 interfluente,
2131 4233 2377 4314 Tritone.
2407 4235 2482 4296 ab
2519 4235 2618 4294 inis

471 4319 822 4380 dirimuntur.
916 4305 993 4379 Et
1038 4302 1347 4401 Machlyes
1372 4303 1648 4402 qu'ide'm
1634 4343 1692 4382 m
1717 4311 1940 4402 postica
1967 4325 2170 4405 capitis
2213 4337 2394 4406 parte
2397 4345 2622 4395 comam
