2817 4792
444 285 560 343 132
999 282 1451 343 HERODOTI
1494 282 1835 343 HISTOR.
1878 284 1971 342 11.

443 410 574 473 sola
595 410 1066 491 Mitylenoeornm
1095 414 1313 473 civitas.
1397 412 1745 471 Horum‘est
1768 411 1883 469 hoc
1912 408 2209 488 templum,
2234 409 2459 488 haeqne
2488 404 2627 465 civi-

445 512 600 563 tates
613 504 984 565 constituunt
1008 506 1284 584 pmsides
1301 503 1557 585 emporii.
1638 503 1818 569 Quod
1842 504 1891 562 si
1908 520 2043 580 qum
2064 501 2193 561 alies
2212 512 2447 581 partem
2474 499 2633 575 illins

443 594 556 657 sibi
581 596 898 671 vindicant,
923 617 1048 657 rem
1072 597 1182 658 sibi
1207 596 1503 658 vindicant
1538 596 1679 655 nibil
1706 596 1784 655 ad
1810 614 1874 655 se
1900 594 2310 674 pertinentem.
2390 591 2631 652 Praeter

444 687 602 747 istud
627 708 764 753 vero
798 692 1100 769 templum,
1129 690 1365 751 seorsim
1393 690 1681 768 AEginetoe
1716 698 2045 749 statuerunt
2066 687 2233 747 ,lovis
2268 686 2480 745 fanum
2510 710 2529 756 ς
2572 692 2633 741 et

447 780 630 841 Sturii
649 782 806 841 aliud
829 784 1111 853 Jnnonis3
1149 796 1274 843 tum
1302 782 1538 852 Milesii,
1569 780 1875 861 Apollinis.

534 874 672 937 179.
713 874 958 954 Fuitque
997 875 1131 935 olim
1159 876 1343 935 solum
1383 870 1445 935 in
1472 874 1729 953 AEgypto
1768 872 2085 951 emporium
2130 871 2474 941 Naucratis,
2518 888 2633 928 nec

451 963 612 1024 aliud
632 965 829 1028 ullum.
872 966 1047 1033 Quod
1063 965 1111 1025 si
1131 966 1260 1045 quis
1279 966 1338 1025 in
1359 964 1599 1025 aliorum
1630 964 1751 1025 Nili
1776 964 2050 1023 ostiorum
2076 963 2305 1043 aliquod
2330 963 2632 1030 intrasset,

439 1060 642 1131 jurare
669 1076 804 1116 eum
832 1059 1153 1137 oportebat,
1179 1060 1406 1116 invitum
1434 1076 1494 1115 eo
1518 1076 1579 1114 se
1604 1058 1851 1121 venisse,-
1890 1050 2036 1127 tum,
2062 1055 2176 1115 hoc
2208 1056 2475 1135 praestito
2494 1058 2632 1129 jure

445 1146 720 1252 jurando,
767 1166 900 1207 cum
939 1148 1071 1208 navi
1103 1168 1210 1208 sua
1243 1148 1304 1207 in
1333 1147 1699 1215 Canobicnnr
1732 1146 1944 1205 ostium
1985 1147 2307 1207 tenebatur·
2326 1147 2632 1224 navigare,

456 1248 580 1309 sut,
603 1238 652 1297 si
677 1257 786 1317 per
810 1240 1124 1303 contrarios
1148 1250 1350 1300 ventos
1389 1240 1505 1299 hoc
1532 1239 1587 1299 ei
1610 1258 1729 1297 non
1756 1238 2032 1309 licuisset,
2062 1241 2371 1319 oportebat
2394 1256 2632 1298 merces

459 1329 718 1408 navigiis
723 1332 1010 1412 AEgyptiis
1025 1333 1241 1397 circum
1264 1333 1449 1393 Delta
1468 1331 1925 1411 circumvehere,
1944 1331 2131 1393 donec
2150 1332 2475 1449 Naucratin
2498 1350 2634 1411 per-
2710 1322 2716 1325 ’

461 1420 736 1482 venisset.
817 1424 912 1483 Ita
933 1424 1274 1485 Naucratis
1257 1444 1317 1483 ιιι
1337 1422 1557 1483 honore
1582 1434 1727 1483 erat.

543 1514 702 1574 180.
721 1516 916 1581 Quum
943 1516 1427 1597 Amphictyones,
1455 1524 1756 1593 postquam
1782 1514 2043 1593 superius
2066 1508 2351 1595 templum
2378 1513 2632 1595 Delphi-

465 1622 598 1664 cum
623 1606 864 1667 fortuito
891 1626 1034 1668 casn
1059 1609 1538 1686 conflagraverat,
1568 1604 1710 1664 illud
1746 1606 1902 1684 quod
1924 1624 2083 1669 nnnc
2109 1618 2200 1667 est
2224 1608 2503 1669 trecentis
2540 1618 2630 1664 ta-

459 1696 634 1757 lentis
659 1698 983 1761 elocassent
1007 1699 1433 1774 aedificandum,
1462 1704 1629 1773 cujus
1664 1716 1905 1767 summae
1932 1708 2195 1777 quartam
2218 1710 2440 1778 partem
2464 1696 2631 1769 ,Del-

461 1788 710 1867 phenses
729 1810 834 1869 pro
860 1810 966 1851 sua
983 1792 1246 1871 portione
1271 1792 1623 1853 tenebantur
1642 1789 1948 1859 conferre,
1932 1814 1947 1829 ·
1987 1790 2413 1850 circumeuntes
2436 1789 2498 1847 hi
2524 1806 2633 1867 per

462 1880 744 1953 (ivitates,
787 1889 957 1963 atque
985 1883 1145 1945 dona
1177 1892 1565 1961 coi-rogantes,
1589 1881 1747 1942 haud
1772 1898 1985 1961 parum
2012 1900 2085 1940 ex
2115 1877 2377 1961 AEgypto
2412 1880 2633 1940 retule-

462 1982 611 2033 runt.
695 1975 932 2035 Amasis
955 1976 1112 2034 enim
1137 1974 1292 2037 mille
1313 1974 1396 2049 eis
1411 1973 1577 2035 dedit
1592 1973 1815 2033 talenta
1837 1971 2140 2043 :inminis3
2164 1972 2365 2033 Graeci
2390 1986 2550 2043 vere,
2558 1970 2634 2029 in

467 2065 721 2144 AEgypto
745 2066 1087 2137 habitantes,
1107 2066 1306 2146 viginti
1327 2067 1519 2126 libras.
2415 2108 2421 2115 ,

551 2162 690 2217 181.
719 2159 886 2219 Idem
911 2160 1136 2219 Amasis
1163 2178 1296 2218 cum
1322 2158 1621 2237 Cyrenaeis
1646 2169 1905 2217 mutuam
1930 2156 2239 2216 amicitiam
2268 2156 2635 2223 societatem-

467 2266 586 2326 qne
605 2250 922 2310 contraxit.
1003 2250 1433 2328 Constituitque
1458 2249 1634 2309 etiam
1672 2268 1917 2309 uxorem
1944 2268 2021 2309 ex
2044 2268 2243 2308 eorum
2270 2250 2504 2328 regione
2529 2248 2636 2306 dn-

470 2356 628 2410 ρει-ε,
665 2340 786 2399 sive
812 2341 968 2418 qnod
1011 2340 1284 2399 Graecam
1323 2340 1541 2398 habere
1576 2358 1811 2399 uxorem
1830 2339 2217 2409 ‚desiderat-et,
2255 2339 2380 2401 sive
2402 2342 2632 2398 omnino

471 2428 736 2495 amicitias
755 2450 978 2501 caussa,
999 2420 1168 2509 quain
1185 2448 1316 2489 cum
1335 2430 1632 2507 Cyrenas-is
1652 2430 1905 2491 colebat.
1963 2430 2170 2491 Duxit
2180 2431 2363 2507 igitur
2388 2429 2631 2509 spectati

470 2524 624 2585 inter
647 2522 954 2603 populares
975 2540 1110 2581 suos
1137 2520 1240 2579 viri
1270 2523 1469 2599 (quem
1506 2520 1743 2581 Battum
1770 2522 1888 2589 alii,
1916 2520 2037 2581 alii
2048 2520 2385 2591 Arcesilam,
2414 2540 2630 2581 rursus·
2622 2529 2635 2543 “

474 2636 594 2699 que
629 2615 726 2683 alii
771 2612 1134 2673 Critobulum
1169 2611 1417 2691 dicunt)
1432 2610 1633 2683 filiam,
1674 2610 1905 2669 nomine
1942 2610 2227 2671 Ladicen.
2326 2613 2479 2672 Cum
2518 2630 2631 2691 qna

325 2732 342 2741 ·
471 2708 700 2791 quoties
728 2704 1144 2765 concumberet
1170 2698 1415 2772 Amasis,
1445 2700 1603 2761 coire
1630 2720 1749 2761 non
1778 2711 2055 2781 poterat,
2072 2719 2247 2780 quum
2268 2712 2473 2762 tamen
2510 2704 2629 2763 aliis

475 2798 806 2863 mulieribus
831 2806 1111 2855 uteretur.
1191 2794 1266 2853 Id
1295 2792 1396 2853 ubi
1422 2792 1632 2871 saepins
1658 2791 1712 2855 ei
1748 2793 1981 2864 accidit,
2010 2793 2155 2853 dixit
2178 2794 2271 2865 ad
2286 2794 2441 2854 hanc
2452 2796 2636 2855 Ladi-

473 2914 584 2955 een
613 2889 879 2951 Amasis.
922 2885 1317 2957 “Veneficiis,
1345 2905 1384 2945 o
1409 2883 1637 2956 mulier,
1658 2884 1935 2945 adversus
1954 2902 2051 2945 me
2076 2904 2183 2945 usa
2204 2904 2303 2946 es.
2314 2900 2529 2966 qnare
2554 2887 2634 2945 ef-

473 2988 682 3065 fugere
707 2982 868 3043 nullo
893 2990 1070 3061 pacto
1093 2990 1281 3059 potes,
1307 2998 1426 3056 quo
1445 2977 1633 3041 minus
1655 2979 1908 3055 pessime
1932 2996 2152 3057 pereas,
2172 2978 2492 3053 mulierum
2506 2999 2632 3060 pes

477 3077 656 3147 sima:
660 3075 870 3133 ’Tum
895 3071 1132 3146 Ladice,
1159 3080 1470 3151 postquam
1479 3069 1761 3147 negando
1784 3064 1967 3129 nihilo
1992 3070 2365 3175 placatiorem
2392 3072 2635 3132 reddere

475 3170 635 3229 illum
649 3165 861 3247 potuit,
875 3164 1028 3223 intra
1043 3162 1290 3224 animum
1313 3180 1482 3221 sunm
1498 3159 1717 3222 Veneri
1734 3170 1935 3221 votum
1952 3161 2113 3233 fecit,
2128 3162 2181 3221 si
2198 3182 2272 3222 ea
2290 3171 2469 3223 nocte
2488 3166 2634 3225 cois-

476 3270 568 3323 set
593 3278 727 3317 cum
751 3257 880 3335 ipsa
905 3255 1158 3325 Amasis,
1188 3254 1282 3335 (id.
1296 3254 1449 3315 enim
1477 3272 1669 3316 unum
1683 3272 1811 3313 esse
1836 3253 2176 3322 calamitatis
2198 3236 2499 3333 effugium)
2522 3268 2633 3316 sta·-

479 3364 636 3419 tuam
663 3367 728 3407 se
751 3348 809 3409 ei
829 3348 1102 3425 Cyrenen
1121 3346 1437 3407 missuram.
1520 3346 1602 3405 Et
1620 3345 1883 3423 posthoc
1904 3357 2245 3427 conceptum
2278 3357 2485 3407 votum
2502 3368 2634 3408 con-

479 3444 642 3504 tinuo
661 3458 792 3500 cum
819 3456 894 3497 ea
920 3437 1059 3496 coiit
1084 3436 1344 3511 ,Amasim
1379 3448 1465 3518 et,
1496 3436 1721 3517 quoties
1748 3436 1956 3517 deinde
1986 3438 2197 3517 cupido
2226 3456 2359 3497 eum
2382 3439 2633 3509 incessit,

477 3536 670 3598 coibat
698 3557 715 3604 ς
747 3531 1235 3608 vehementerque
1263 3532 1391 3589 eam
1418 3530 1493 3589 ab
1522 3529 1622 3589 illo
1648 3538 1905 3609 tempore
1931 3528 2232 3608 diligebat.
2328 3530 2411 3591 Et
2434 3532 2535 3591 illa
2556 3532 2635 3605 fa-¹

477 3624 740 3687 ciendam
767 3620 1338 3699 curavit'imaginem,
1365 3622 1755 3701 Cyrene-nque
1793 3620 1983 3692 misit3
2022 3642 2155 3701 quse
2176 3622 2377 3683 adhuc
2402 3641 2535 3687 mea
2558 3644 2635 3683 ιιι-
2762 3602 2769 3609 “

477 3729 602 3779 tate
621 3712 920 3794 superfuit,
945 3724 1110 3771 extra
1129 3713 1541 3791 Cyrenaeorum
1554 3712 1761 3774 urbem
1784 3724 2098 3796 spectans„
2149 3714 2442 3786 ‘Eandem
2468 3716 2639 3791 Ladi-

479 3828 588 3869 cen
609 3806 954 3887 Cambyses,
1000 3806 1252 3883 AEgypto
1287 3804 1525 3882 petitus,
1566 3815 1867 3883 postquam
1908 3824 1981 3865 ex
2022 3824 2113 3878 ea,
2136 3824 2415 3885 -quoenam
2456 3818 2633 3880 esset,

479 3907 805 3979 cognosset,
831 3896 1068 3978 illaesam
1095 3896 1370 3976 Cyrenen
1396 3896 1631 3955 remisit.
2434 3944 2445 3951 ,

564 3996 700 4052 182.
740 3988 1056 4051 Dedicavit
1082 3985 1316 4053 Amasis
1335 3987 1489 4049 dona
1514 3986 1687 4051 etiam
1706 3986 1767 4046 in
1796 3987 2115 4050 Graeciam:
2158 3996 2222 4047 et
2244 3987 2493 4067 primum
2514 3989 2635 4068 qui-

481 4085 616 4148 dem
619 4071 914 4165 Cyrenen
942 4080 1228 4142 Minervae
1261 4088 1511 4141 statuam
1544 4078 1698 4140 misit
1739 4062 2079 4159 inauratam,
2108 4089 2169 4139 et
2206 4080 2297 4139 sui
2310 4081 2637 4160 imaginem

479 4177 710 4256 pictura
725 4173 1153 4236 adsimulatam:
1184 4182 1306 4231 tum
1331 4170 1610 4231 Minervae
1634 4190 1765 4259 quse
1794 4144 1971 4234 Lindi
1994 4153 2221 4244 colitur,
2252 4172 2403 4232 duas·
2418 4183 2637 4233 statuas

481 4268 758 4347 lapideas,
803 4276 863 4328 et
903 4265 1201 4325 thoracem
1235 4263 1453 4347 lineum
1498 4272 1763 4341 spectatu
1816 4262 2091 4339 dignum3
2132 4263 2381 4341 dem‘que
2410 4265 2462 4324 J
2465 4283 2637 4323 unom

486 4359 695 4425 Samiae
719 4358 884 4429 binas
925 4356 1032 4419 sui
1041 4354 1338 4435 imagines
1347 4373 1423 4420 ex
1448 4354 1607 4433 lig-no
1636 4354 1913 4442 sculptas,
1943 4363 2095 4435 qnoe
2102 4358 2161 4421 in
2188 4376 2402 4435 magno
2424 4356 2638 4435 templo
