2817 4792
998 269 1598 336 ΜΕιΡῡΜΕΝΕ.
1753 281 1757 286 ’
1787 277 1795 282 ·
2263 265 2398 342 ,εει

296 407 444 466 128.
490 403 695 484 Reges
727 421 869 464 vero
880 401 1264 483 Scytharum,
1290 405 1498 468 audito
1521 403 1831 466 servitutis
1842 406 2098 476 nomine,-
2119 393 2260 468 iram
2289 416 2406 469 non

196 507 494 563 tenuem.
576 495 763 574 Igitur
786 491 933 554 illud
976 512 1209 555 suorum
1234 514 1467 574 agmen,
1505 495 1601 556 eui
1617 497 1805 573 juncti
1836 497 2192 560 Sauromatae
2218 486 2404 574 aiant,

198 588 385 667 quod
406 589 524 648 sub
551 587 819 667 Scopasis
861 598 992 647 erat
1025 587 1285 668 imperio,
1313 589 1390 648 ad
1434 589 1646 648 Istrum
1673 589 1926 662 mittunt,
1953 591 2091 650 dato
2131 577 2406 652 mandato

197 686 277 738 ut
322 679 615 739 Ionibus
596 699 659 738 ιιι
698 679 1049 757 colloquium
1075 679 1334 738 veniant
1337 680 1461 753 his,
1485 665 1582 760 qui
1607 689 1838 760 pontem
1879 682 1941 740 in
1964 669 2120 742 Istro
2151 684 2406 772 positum

202 771 659 832 custodiebant.
702 771 806 830 Eis
830 790 971 830 vero
997 771 1095 848 qui
1122 771 1594 852 relinquebantur
1607 773 1855 856 placuit,
1883 785 2002 860 non
2027 775 2282 854 amplius
2301 776 2412 834 cir-

202 863 584 923 cumducere
606 863 853 952 Persas.
893 847 993 922 sed
1018 863 1241 941 quoties
1271 863 1463 924 'cibum
1485 869 1778 944 caperent,
1799 865 1909 925 de
1893 865 2200 944 lmproviso
2218 867 2278 925 in
2305 887 2408 929 eos

148 950 165 964 ⁸
203 955 508 1035 impetum
530 954 744 1014 facere.
810 955 1225 1015 Observantes
1244 955 1423 1035 igitur
1445 957 1572 1017 illos
1592 958 1783 1017 cibum
1807 957 2120 1036 capientes,
2150 979 2283 1038 quae
2305 953 2409 1020 de·

206 1058 553 1119 creverant,
572 1047 1055 1126 exsequebantur.
1098 1045 1177 1106 Et
1192 1048 1508 1133 equitatum
1529 1049 1759 1128 quidem
1777 1059 2112 1109 constanter
2129 1049 2190 1108 in
2206 1051 2409 1132 fugam

209 1139 500 1200 vertebat
525 1139 871 1219 Scytharum
896 1138 1226 1218 equitatus:
1270 1149 1331 1199 et
1345 1139 1656 1200 Persarum
1685 1127 1908 1220 equites
1932 1140 2110 1219 fuga
2095 1161 2153 1200 m
2181 1143 2409 1222 pedites

211 1231 587 1291 incidebant.
632 1231 782 1290 Tum
798 1250 936 1291 vero
954 1231 1248 1310 suppetias
1262 1230 1536 1291 veniebat
1553 1231 1868 1310 peditatusg
1901 1243 1962 1292 et
1981 1233 2236 1312 Scythae,
2251 1244 2412 1312 post·

212 1341 407 1402 quarn
424 1323 666 1402 equites·
694 1321 943 1382 hostium
967 1323 1028 1380 in
1058 1322 1283 1400 pedites
1308 1324 1653 1400 rejecerant,
1680 1315 2056 1397 recedebant,
2092 1325 2412 1404 peditatum
2465 1391 2470 1394 ,

218 1423 577 1473 metuentes.
630 1413 858 1472 Similes
872 1412 1435 1500 vero-impressiones
1455 1425 1630 1475 noctu
1651 1415 1822 1475 etiam
1849 1415 2082 1494 Scythae
2101 1417 2410 1476 faci-ebant.

327 1509 481 1566 129.
513 1504 657 1564 Erat
696 1515 838 1564 tunc
876 1503 1071 1563 Persis
1098 1495 1271 1578 utilis,
1304 1502 1542 1584 Scythis
1569 1523 1707 1566 vero
1743 1506 2010 1584 inimica,
2017 1507 2184 1568 Darii
2224 1517 2415 1567 eastra

222 1595 730 1702 adgredientibus,
767 1615 864 1656 res
890 1597 1055 1657 dictu
1096 1597 1267 1657 mira
1252 1597 1620 1684 admodum3
1659 1617 1870 1676 nempe
1899 1617 2002 1656 voa·
2031 1600 2320 1671 asinorum,
2359 1607 2416 1660 et

220 1692 500 1750 malm-um
524 1690 743 1766 species.
786 1689 1020 1748 Etenim
1042 1707 1156 1748 nec
1178 1689 1400 1750 asinum
1421 1709 1534 1750 nec
1561 1678 1778 1748 mulum
1803 1691 1919 1750 fert
1941 1690 2218 1768 Scythica
2235 1701 2414 1764 terra,

222 1781 725 1864 quemadmodum
767 1800 944 1863 supra
992 1781 1169 1840 etiam
1205 1781 1662 1842 demonstratum
1713 1793 1852 1841 est.
1893 1790 2004 1840 nec
2051 1793 2140 1840 est
2181 1769 2413 1843 omnino
2524 1835 2532 1848 ,

222 1875 291 1934 in
314 1874 593 1934 universa
632 1873 913 1954 Scythica
935 1874 1175 1952 regione
1203 1880 1305 1934 aut
1332 1874 1524 1950 εείιιιιε
1553 1884 1651 1934 aut
1677 1875 1881 1945 mulus,
1910 1885 2150 1954 propter
2173 1875 2412 1953 frigora.

228 1967 421 2046 Igitur
440 1965 805 2030 lascivientes
826 1965 971 2024 asini
990 1965 1335 2026 territabant
1362 1967 1678 2046 equitatum
1709 1965 2097 2071 Scytharum:
2120 1971 2412 2045 s'aepeque,

224 2057 417 2118 dum.
396 2077 461 2116 ιιι
489 2058 697 2117 Persas
734 2057 1015 2136 impetum
1056 2057 1353 2118 faciebant
1393 2058 1654 2138 Scythae,
1681 2059 1815 2138 equi
1847 2058 2147 2118 audientes
2185 2059 2415 2118 interim

228 2157 445 2212 vocem
494 2148 802 2220 asinorum,
826 2149 1179 2210 consternati
1212 2150 1641 2220 avertebantur,
1669 2159 1729 2210 et
1751 2138 2076 2210 mirabundi
2115 2147 2418 2233 erigebant

210 2261 430 2312 aures,
455 2251 523 2298 ut
544 2239 644 2318 qui
670 2256 982 2319 numquam
1009 2253 1185 2300 antea
1205 2240 1299 2300 vel
1324 2259 1534 2300 vocem
1560 2241 1737 2300 talem
1764 2241 2136 2312 audivissent,
2164 2241 2264 2302 vei
2284 2261 2418 2321 spe-

232 2334 389 2394 ciem
434 2333 783 2394 vidissent.
784 2333 893 2393 Et
918 2335 1047 2394 haec
1086 2334 1321 2440 quidem
1362 2353 1460 2394 res
1485 2335 1800 2413 pauxillum
1842 2335 2136 2455 quidpiam
2171 2335 2249 2394 ad
2278 2334 2420 2394 belii
2451 2327 2456 2331 ’

232 2426 533 2487 fortunam
562 2423 1082 2486 conferebat..
2303 2447 2306 2452 ·

232 2549 239 2556 ·
318 2524 460 2580 130.
504 2517 743 2597 Scythae
769 2537 946 2596 quum
972 2517 1221 2577 subinde
1245 2536 1490 2597 magnos
1531 2527 1720 2578 motus
1743 2517 1912 2576 fieri
1893 2539 1955 2577 ιιι
1983 2518 2182 2578 castris
2208 2517 2418 2602 Persa

234 2627 368 2670 rum
413 2608 627 2690 [veluti
668 2607 913 2668 reditum
951 2609 1313 2690 parantium]
1364 2611 1793 2679 observarent:
1821 2629 1939 2700 quo
1985 2610 2093 2668 issi
2105 2609 2317 2668 diutius
2356 2609 2420 2666 ἱιι

240 2699 489 2785 Scythia
511 2711 835 2773 manerent,
862 2702 1057 2781 ibique
1083 2714 1383 2764 manentes
1426 2703 1670 2783 penuria
1691 2721 1900 2763 rerum
1914 2701 2168 2767 omnium
2192 2718 2420 2780 preme-

232 2803 463 2866 rentur,
492 2795 711 2854 -hocce
732 2793 1023 2853 fecerunt.
1105 2796 1204 2855 De
1256 2787 1568 2874 pecoribus
1611 2795 1727 2854 suis
1765 2793 2100 2854 idemtidem
2145 2785 2422 2850 nonnuila

234 2907 379 2950 cum
396 2876 727 2967 pastoribus
765 2884 1192 2966 relinquebant,
1220 2897 1285 2956 et
1316 2887 1426 2966 ipsi
1451 2887 1516 2946 se
1556 2897 1712 2946 retro
1735 2887 1798 2944 in
1837 2885 2012 2945 alium
2040 2883 2235 2942 locum
2278 2897 2418 2960 pane

236 2981 413 3060 lisper
454 2973 830 3058 recipiebant.
912 2978 1067 3041 Tum
1115 2979 1331 3050 Persae,
1355 2978 1580 3086 inpetu
1624 2979 1803 3050 facto,
1830 2976 2139 3056 capiebant
2184 2985 2420 3054 pecora,

234 3084 304 3134 et
320 3072 531 3152 praeda
554 3073 715 3134 facta
738 3071 1130 3132 exsultabant.
1328 3130 1346 3144 ,

322 3165 465 3226 {BL
506 3163 587 3224 Id'
620 3181 801 3244 quum
840 3163 1055 3242 saepius
1068 3164 1273 3237 fieret,
1296 3160 1379 3221 ad
1403 3171 1728 3229 extremum
1755 3157 1992 3231 Darius,
2013 3101 2161 3238 quid
2189 3155 2423 3246 consili-i

238 3265 503 3337 caperet,
542 3257 799 3317 incertus
822 3255 1103 3314 hoerebat.
1186 3253 1363 3320 Quod
1388 3253 1489 3314 ubi
1517 3251 2040 3312 animadverterunt
2068 3250 2430 3330 Scytharum·

238 3361 440 3428 reges,
481 3364 815 3455 praeconem
839 3346 919 3406 ad
944 3363 1081 3406 eum
1106 3345 1386 3404 miserunt
1413 3340 1568 3404 dona
1585 3343 1891 3415 ferentem,
1919 3361 2087 3402 avem
2109 3351 2177 3402 et
2199 3361 2426 3402 murem

240 3453 307 3502 et
331 3441 533 3502 ranam
552 3452 615 3500 et
632 3440 888 3520 quinque
906 3439 1175 3518 sagittas.
1252 3437 1408 3496 Haec
1429 3436 1796 3496 adferentem
1817 3436 1972 3494 d'ona
1996 3435 2425 3522 interrogarunt
2537 3446 2549 3450 “

236 3535 467 3605 'Pei-sse,
513 3551 781 3613 quaenam
822 3537 977 3592 'esset
1014 3543 1181 3591 mens
1234 3528 1628 3616 mittentium,
1682 3537 1748 3586 et
1793 3527 1892 3588 ille
1929 3527 2250 3606 respondit,
2287 3515 2428 3586 nihil

227 3628 401 3685 ‘aliud
424 3627 525 3684 sibi
547 3626 1070 3704 mandatumfhisse,
1097 3623 1205 3681 nisi
1228 3632 1293 3680 ut
1319 3621 1401 3680 his
1429 3621 1576 3678 datu
1599 3621 1985 3696 quamprimum
2025 3620 2240 3677 abiret.-
2279 3619 2424 3694 ipsos

248 3727 429 3777 autem
441 3717 675 3794 Persas,
707 3719 757 3776 si
795 3719 1062 3796 sapientes
1094 3722 1286 3786 essent,
1312 3731 1630 3792 cognoscere
1655 3711 1846 3787 jussit,
1873 3712 2136 3788 quidnoem
2147 3710 2258 3767 ista
2283 3704 2424 3766 dona

245 3811 638 3889 significarent.
714 3812 853 3876 Quo
880 3808 1083 3870 audito
1110 3821 1407 3886 responso,
1439 3803 1843 3875 consultabant
1863 3803 2011 3860 inter
2037 3820 2102 3860 se
2128 3801 2344 3861 Persae.
2397 3794 2402 3804 ’

332 3905 469 3962 132.
512 3901 595 3960 Et
619 3901 787 3961 Darii
820 3900 1061 3981 'quidem
1086 3897 1377 3960 sententia
1396 3906 1548 3968 -,erat
1589 3896 1840 3975 Scythas
1866 3913 1996 3954 sese
2037 3902 2098 3954 et
2121 3903 2344 3952 terram
2362 3901 2426 3950 et

249 4001 457 4073 aquam
500 3994 608 4073 ipsi
650 3995 915 4054 tradere:
950 3993 1018 4052 id
1052 3992 1211 4071 quod
1254 3990 1393 4050 inde
1435 3989 1769 4068 colligebat,
1805 3986 1977 4065 quod
2015 4002 2143 4045 mus
2167 3985 2228 4043 in
2270 3993 2427 4042 terra
2475 4057 2479 4062 Α

244 4087 485 4160 viveret,
514 4087 727 4148 eodem
747 4087 950 4148 fructu
976 4096 1152 4165 atque
1176 4083 1353 4143 homo
1377 4099 1636 4152 vescens,
1664 4095 1806 4158 rana
1829 4099 1972 4138 vero
2001 4074 2063 4137 ἰὶι
2089 4085 2244 4156 aqua
2269 4075 2424 4134 vive-

248 4186 373 4251 ret,
404 4180 527 4239 avis
568 4191 767 4241 autem
803 4178 1002 4240 similis
1043 4176 1366 4238 admodum
1395 4184 1561 4235 esset
1596 4191 1792 4250 equo;
1839 4170 2093 4248 denique
2137 4168 2258 4227 tela
2295 4155 2426 4224 ilios

248 4255 501 4344 tradere,
537 4279 837 4354 tamquam
873 4287 1047 4330 suam
1093 4266 1512 4328 fortitudinem.
1593 4264 1772 4323 Hanc
1819 4261 2036 4321 Darius
2081 4249 2425 4318 sententiam

246 4361 547 4425 dixeratw
560 4365 693 4426 'Cui
720 4363 991 4444 opposita
1018 4369 1143 4423 erat
1168 4359 1430 4437 Gobryae
1451 4351 1764 4434 sententia,
1787 4353 1954 4413 unius
1976 4361 2020 4450 e·
2045 4360 2266 4430 septem
2293 4349 2423 4413 viris
