2817 4792
449 299 567 366 ιιι
620 267 627 276 ’
1039 265 1507 368 ΗΕιιοιιὸπ
1529 267 1882 366 luston(
1905 301 2015 364 ιν.

528 437 665 496 100.
704 433 839 494 Jam
868 432 1005 494 inde
1027 453 1065 494 a
1092 435 1345 496 Taurica
1368 446 1542 508 term,
1575 455 1706 516 ane
1741 446 1876 496 sunt
1917 437 2094 515 sn'prn
2113 433 2364 508 Tauros,
2391 434 2456 498 et
2481 455 2630 516 qm

442 525 703 586 adunare
728 527 887 604 quod
910 527 986 587 ad
1010 527 1284 590 orientem
1306 539 1396 588 est
1421 528 1727 606 pertinent,
1755 543 1828 588 en
1851 543 2044 588 rursus
2071 527 2312 607 Scythae
2333 526 2626 602 incolunt,

442 637 573 695 quae
598 618 673 678 ab
692 617 996 678 occidente
1022 619 1264 699 Bospori
1288 619 1582 680 Cimmerii
1603 629 1664 680 et
1689 619 1931 679 Paludis
1947 618 2247 680 Moeotidis
2271 630 2408 680 sunt
2423 638 2622 700 usqne

440 709 531 770 ad
548 709 787 770 Tanaim
830 710 1088 786 fluvium,
1112 712 1211 790 qui
1254 711 1315 770 in
1358 711 1622 770 intimum
1649 711 1954 770 Moeotidis
1995 711 2167 788 hujus
2207 729 2502 772 recessum
2539 732 2618 772 ae

443 811 735 869 exonerat.
796 801 949 862 Jnm
976 802 1147 880 igitur
1182 803 1351 862 inde
1364 791 1440 863 ab
1467 797 1634 862 Istro
1684 802 1896 882 [usque
1925 802 2002 862 nd
2043 801 2304 882 Tanain]
2353 821 2618 882 superne
2681 803 2688 810 ’

236 895 244 903 ”
300 943 315 956 .
440 892 855 970 meditem-auen
894 913 1093 954 versus
1119 894 1546 956 disterminatur
1573 893 1813 969 Scythia
1849 894 2089 972 primum
2131 894 2206 954 ab
2235 895 2615 973 Agathyrsis,

439 983 647 1045 deinde
675 1004 713 1045 a
756 975 989 1058 Neuris,
1034 997 1167 1064 post
1209 985 1313 1046 hos
1355 987 1430 1046 ab
1476 985 1907 1116 Androphagis,
1955 995 2272 1089 postremo
2287 1005 2325 1046 a
2371 985 2616 1048 Melan-

442 1075 738 1252 ἀΐῗῖί..
698 1165 1169 1248 Scythiaeffgitur,
1194 1169 1437 1230 formam
1473 1167 1598 1230 fere
1625 1168 1962 1250 quadratam
1992 1167 2278 1254 habentis,
2307 1168 2442 1228 dum
2469 1180 2614 1229 snut

438 1269 633 1343 partes
656 1261 735 1322 ad
760 1270 920 1321 mar‘e
960 1261 1308 1340 pertinentes
1332 1286 1349 1332 ς
1394 1280 1640 1341 quarum
1665 1272 1909 1342 utraque
1951 1260 2114 1320 alteri
2141 1279 2612 1339 quaquaversum

436 1352 671 1432 aequnlis
687 1362 795 1423 est,
806 1363 929 1411 tum
952 1372 1069 1432 qua
1085 1353 1144 1412 in
1164 1354 1584 1413 mediterranea
1597 1353 1922 1432 porrigitur,
1942 1362 2063 1411 tum
2079 1352 2400 1426 secundum
2419 1357 2613 1413 mare.·

436 1443 669 1508 Etenim
696 1445 771 1504 nb
798 1435 950 1506 Istro
975 1444 1059 1512 ad·
1078 1443 1498 1524 Borysthenem
1525 1445 1638 1505 iter
1661 1455 1756 1504 est
1781 1444 1990 1504 decem
2020 1442 2262 1515 dier-uin,
2289 1459 2608 1522 rursusque

432 1549 473 1596 a
504 1535 865 1616 Borysthene
890 1529 967 1596 ad
990 1535 1238 1600 Maeotin
1266 1535 1534 1615 paludem
1555 1535 1762 1598 decem
1787 1535 2009 1598 dierum
2033 1533 2142 1594 iter
2160 1553 2180 1594 ι
2219 1551 2258 1593 α
2295 1533 2436 1596 mari
2459 1553 2610 1598 vero

433 1631 631 1688 versus
653 1627 1076 1698 mediterranea
1100 1627 1179 1688 nd
1205 1613 1684 1698 Melanchlaenos,
1707 1626 1805 1705 qni
1839 1643 2016 1704 snpra
2043 1624 2296 1704 Scythas
2321 1624 2606 1698 incolunt,

434 1719 545 1780 iter
572 1729 661 1780 est
688 1709 888 1798 viginti
916 1718 1158 1782 dierum.
1236 1719 1362 1780 Iter
1408 1730 1608 1782 antem
1633 1720 1880 1782 diurnum
1903 1717 2041 1778 mihi
2081 1717 2468 1796 oeq'uipnratur
2493 1718 2607 1776 dn-

314 1839 323 1854 ·
432 1809 590 1872 cenis
616 1793 831 1874 stadiis.
888 1811 1008 1872 lta
1034 1810 1333 1891 scythica
1352 1821 1556 1881 terra,
1573 1809 1632 1869 in
1679 1819 2082 1894 transversum,
2122 1808 2348 1887 patebit
2390 1817 2608 1886 qnater

432 1903 589 1963 mille
616 1903 837 1974 stadia3
874 1889 934 1965 ιιι
964 1912 1183 1964 rectum
1213 1919 1371 1974 vero,
1410 1893 1834 1966 medissrranea
1857 1913 2087 1974 versus,
2103 1899 2348 2028 totidem
2385 1900 2602 1961 stadia.

434 1997 590 2066 Haec
617 1995 790 2075 igitur
817 1995 984 2071 hujus
1004 2005 1173 2058 terroe
1200 1993 1520 2073 amplitudo
1543 2004 1650 2054 est.

514 2091 647 2148 102.
688 2087 970 2148 Scrrnm
996 2103 1192 2146 secum
1220 2095 1576 2164 reputantes,
1601 2085 1758 2146 solos
1783 2103 1850 2145 se
1875 2083 2122 2164 impares
2145 2101 2273 2144 esse
2301 2043 2460 2144 Darii
2491 2099 2602 2144 co·-
2651 2087 2661 2094 ’

428 2177 538 2259 piis
555 2183 712 2254 justo
736 2177 933 2256 proelio
953 2167 1310 2256 repellendis,
1336 2176 1576 2236 nuncios
1597 2177 1874 2238 miserunt
1899 2177 1976 2236 nd
1999 2175 2308 2237 finitimo„
2347 2194 2599 2253 quornm
2633 2195 2640 2200 ·

427 2281 598 2347 reges·
622 2268 793 2328 etiam
834 2285 1157 2328 convenere
1194 2266 1588 2340 deliberaturi,
1615 2278 1816 2347 utpote
1841 2266 2062 2345 ingenti
2083 2265 2396 2328 invadente
2419 2285 2600 2328 exer-

426 2359 565 2428 citu.
646 2359 831 2428 Erant
855 2369 1049 2419 autem
1076 2377 1261 2438 reges,
1285 2357 1383 2437 qui
1408 2353 1754 2429 convenere,
1783 2358 2124 2429 Taurorum,
2147 2365 2210 2417 et
2233 2356 2598 2436 Agathyrao-
2641 2361 2648 2368 '

428 2469 575 2524 rum,
595 2461 657 2513 et
684 2450 1031 2522 Neurornm,
1072 2462 1137 2512 et
1150 2449 1708 2530 Androphngorum,
1751 2460 1814 2511 ct
1839 2450 2234 2528 Gelonorurn,
2243 2458 2306 2507 et
2333 2447 2598 2578 Budino-

428 2538 577 2614 rum,
604 2552 667 2603 et
696 2543 1177 2604 Sauromatarum.
2645 2619 2654 2626 ·

510 2641 644 2698 103.
686 2635 780 2694 Ex
808 2635 903 2695 his
942 2635 1116 2694 Tauri
1152 2633 1423 2696 institutis
1459 2610 1698 2696 utuntur
1727 2633 2070 2711 hujusmodi.
2151 2632 2504 2711 Naufragus,
2531 2644 2598 2694 et
2651 2647 2657 2654 ·

425 2747 818 2808 quoscumque
858 2737 1136 2808 ceperunt
1164 2726 1409 2787 Groecos
1453 2727 1592 2790 illuc
1619 2728 1860 2798 delator„
1907 2724 2200 2788 immolant
2226 2725 2450 2804 Virgini
2473 2725 2596 2786 hoc

423 2821 622 2880 modo.
665 2820 979 2900 Postquam
1006 2837 1173 2878 sacra
1192 2817 1470 2898 suspicati
1487 2828 1637 2906 sunt,
1656 2819 1819 2879 clava
1841 2817 2053 2882 feriunt
2093 2817 2336 2878 bominis
2377 2827 2592 2895 capnt:

424 2924 488 2972 et
515 2930 721 2994 corpus
750 2910 1020 2990 quidem,
1052 2919 1119 2970 ut
1146 2910 1251 2977 alii
1284 2912 1502 2983 dicunt,
1531 2899 1626 2974 de
1655 2910 1968 2990 proecipitio
2009 2909 2301 2992 dejiciunt,
2327 2909 2418 2986 (in
2439 2929 2592 2988 pree·

384 3054 388 3062 .
422 3014 593 3082 rupta
619 3002 771 3080 enim
798 3021 939 3082 rupe
980 3011 1333 3064 exstructum
1357 3003 1633 3084 templum
1673 3002 1782 3079 est)
1811 3012 1986 3081 eaput
2011 3019 2148 3061 vero
2187 2999 2250 3060 in
2275 3019 2449 3065 cruce
2473 3001 2589 3062 eri-1·

286 3069 305 3088 δ
424 3105 607 3175 gunt:
648 3094 745 3155 alii
770 3115 907 3156 vero
934 3095 1012 3154 de
1038 3096 1229 3175 capite
1254 3095 1505 3175 quidem
1517 3095 1902 3170 consentiunt,
1925 3113 2139 3172 corpus
2159 3103 2353 3156 autem
2371 3111 2490 3152 non
2509 3093 2588 3154 de

420 3185 737 3276 preacipitio
758 3185 927 3261 dejici
952 3186 1133 3258 aiunt,
1162 3183 1271 3248 sed
1292 3195 1444 3250 terra
1463 3186 1654 3246 condi.
1699 3186 1889 3245 Deam
1917 3196 2134 3258 autem,
2177 3184 2274 3244 cui
2299 3185 2408 3250 has
2425 3184 2592 3246 victi-

422 3295 546 3335 mas
590 3273 903 3350 immolant,
948 3277 1061 3357 ipsi
1101 3279 1277 3360 Tauri
1323 3279 1482 3339 aiunt
1521 3277 1880 3357 Iphigeniam
1927 3296 2078 3348 esse,
2131 3277 2588 3354 Agamemnonis

418 3367 614 3428 filiam.
680 3368 985 3441 Hostibus,
1015 3389 1160 3450 quos
1189 3371 1347 3432 bello
1372 3381 1674 3450 ceperunt,
1701 3369 1816 3428 hoc
1843 3368 2086 3436 faciunt.
2149 3367 2264 3434 Qui
2291 3367 2588 3446 captivum

418 3459 627 3530 fecit,
610 3480 659 3519 is
686 3460 741 3520 ei
783 3471 956 3540 caput
1000 3462 1279 3544 praecidst,
1322 3463 1672 3542 domumque
1713 3480 1898 3536 suam
1917 3460 2178 3532 relatum,
2206 3453 2452 3538 praealto
2495 3459 2588 3536 in-

418 3551 596 3612 fix‘um
610 3552 773 3634 palo,
798 3553 969 3632 erigit
994 3553 1077 3615 ita
1090 3566 1167 3614 ·ut
1188 3553 1375 3616 multo
1402 3574 1578 3637 supra
1605 3555 1858 3626 domum,
1879 3563 2038 3616 certe
2057 3569 2240 3631 supra·
2251 3551 2584 3632 fumarium,

421 3645 711 3716 emineat,
728 3645 1087 3727 dicuntque,
1137 3646 1242 3707 hos
1287 3658 1588 3726 tamquam
1629 3645 1902 3707 custodes
1951 3643 2163 3704 aedinm
2211 3643 2297 3714 ita
2337 3643 2584 3704 sublime

372 3777 378 3784 -
420 3734 693 3796 eminere.
775 3733 995 3816 Vivunt
1022 3748 1229 3797 nutem
1244 3757 1317 3804 ex
1339 3739 1538 3820 praeds
1563 3748 1626 3801 et
1648 3738 1827 3800 bello.
2277 3779 2280 3784 -
2576 3755 2582 3766 ·

325 3838 335 3849 '
480 3833 637 3888 104.
681 3830 985 3908 Agathyrsi
1020 3829 1318 3890 lautIssimi
1367 3832 1630 3896 homines
1683 3841 1838 3902 sunt,
1879 3828 2302 3906 maximamque
2353 3835 2580 3907 partem
2609 3844 2614 3850 ’

418 3939 620 4000 aurum
646 3931 895 4000 gestant.
976 3921 1127 3982 Cum
1164 3923 1539 3986 mulieribus
1523 3943 1584 3984 ιιι
1621 3941 1925 3984 commune
1961 3917 2440 3984 consuetudinem
2475 3919 2584 3980 lin-³

418 4013 579 4083 be‘nt,
610 4031 725 4092 quo
750 4013 863 4073 sint
889 4014 1042 4074 inter
1066 4033 1129 4074 se
1168 4013 1375 4076 fratres
1400 4026 1463 4075 et
1489 4014 1915 4093 consanguinei,
1945 4025 2134 4092 eoque
2169 4029 2284 4072 nec
2309 4001 2584 4076 invidiam

418 4107 531 4168 ne‘c
556 4103 890 4172 inimicitias·
904 4106 1151 4170 invicem
1186 4117 1513 4166 exerceant.
1592 4107 1770 4176 Quod
1807 4107 1884 4168 ad
1910 4105 2024 4226 alia
2047 4104 2270 4218 sdtinet
2295 4105 2580 4192 institute,
2631 4123 2640 4130 ·

417 4196 497 4255 nd
523 4196 784 4268 Thraces
810 4198 1115 4258 accedunt.
1869 4221 1875 4229 ’
2021 4221 2028 4226 ·

496 4292 636 4354 105.
680 4289 863 4350 Nem-i
890 4273 1181 4370 Scythicis
1200 4301 1440 4352 utuntur
1465 4290 1754 4353 institutis.
1835 4289 2102 4351 Proxima
2123 4263 2259 4350 ante
2287 4287 2454 4350 Darii
2477 4305 2575 4350 ex·

414 4379 764 4461 peditionem
791 4384 1163 4464 generatione
1190 4384 1408 4446 accidit
1425 4384 1533 4462 his,
1561 4397 1626 4447 nt
1651 4395 1864 4446 terram
1893 4403 2054 4444 suam
2079 4381 2416 4456 desererent
2440 4397 2580 4462 pru-9
