2817 4792
1008 321 1555 382 MELPOMENE.
2229 331 2355 389 '23⁴3

188 443 531 512 coloniam}
574 444 632 504 in
670 447 1012 527 continente
1034 431 1172 510 vero
1208 463 1299 509 est
1327 451 1656 510 Menelaites·
1647 455 1889 534 portas,
1905 435 1964 513 et
1993 454 2176 514 Aziris
2199 460 2355 536 oppi-
2441 517 2452 530 .

184 537 352 608 dum,
382 535 542 630 qubd
560 537 825 598 habitant
853 541 1150 619 Cyrenaei;
1174 544 1329 602 unde
1354 540 1556 622 incipit
1583 545 1844 620 silphium,
1873 547 2151 624 pertinet·
2165 551 2356 608 autem

182 623 483 706 silphium
496 647 533 687 a
556 627 757 690 Platea
774 631 959 690 insula
979 637 1165 710 us'que
1179 635 1256 693 ad
1282 635 1485 694 ostium
1511 635 1711 714 S'yrtis.
1781 637 2075 750 {institutis
2095 637 2162 696 hi
2189 649 2352 737 utun-

184 729 289 778 tur
318 719 516 778 iisdem
543 719 677 780 fere·
696 733 894 802 atque
894 723 934 781 ii
956 725 1031 782 de
1060 725 1263 802 quibus
1290 737 1424 784 ante
1451 725 1718 785 dictum.
2123 753 2128 760 ·

272 811 415 875 170.
458 797 947 894 Giligammarum',
994 817 1357 876 occidentem
1395 837 1608 889 versus,
1653 817 1875 878 finitimi
1919 830 2056 878 sunt
2093 822 2353 898 Asbystoe.

184 903 279 963 Hi
322 923 497 982 supra
524 905 795 984 Cyrenen
832 909 1125 968 habitant.
1168 929 1277 968 nec
1316 909 1392 968 ad
1436 929 1600 969 mare
1638 911 1964 990 pertinent3
2006 915 2162 970 orani
2201 913 2354 971 enim

174 995 537 1074 'inm-ithnam
560 997 849 1104 Cyrenaei
854 999 1131 1059 incolunt.
1192 999 1284 1058 In
1304 1001 1571 1078 regendis
1601 1001 1890 1079 quadrigis
1923 1019 2040 1060 non
2079 1003 2351 1080 postremi

182 1097 347 1160 sunt,
374 1085 481 1148 se'd
496 1087 629 1148 ‘vel
628 1091 873 1149 maxime
899 1091 1049 1150 inter
1078 1091 1261 1151 Afros
1285 1111 1484 1151 omnes
1497 1093 1782 1151 eminent.
1862 1093 2130 1152 Instituta
2155 1103 2349 1152 autem

181 1179 469 1258 pleraque
489 1182 828 1240 aemulantur
858 1183 1288 1260 Cyrenaeorum.
2007 1203 2014 1208 ·

272 1274 412 1350 171.
456 1271 724 1350 Asbystis·
746 1273 829 1332 ab·
844 1273 1149 1334 occidente·
1172 1273 1513 1334 contermini
1535 1285 1665 1332 sunt
1693 1276 1985 1334 Auschisoe.
2066 1275 2151 1334 Hi·
2172 1291 2347 1355 vsuper

184 1361 437 1421 Baream
468 1362 743 1434 habitant,
782 1363 1187 1443 pertinentque
1214 1365 1289 1424 ad
1316 1383 1477 1424 mare
1504 1365 1660 1424 circa
1686 1365 2091 1444 Euesperides.
2135 1366 2204 1424 In
2229 1386 2345 1424 me-

182 1453 288 1511 dia
330 1453 733 1514 Auschisarum
789 1453 1002 1516 ditione
1046 1457 1306 1517 habitant
1347 1457 1616 1534 Cabala,
1664 1457 1908 1534 exiguus
1954 1459 2224 1536 populus,
2272 1457 2347 1532 ad

180 1543 347 1604 mare
374 1545 725 1624 pertinentes
750 1563 929 1628 prope
951 1545 1297 1618 Taucheira,
1328 1547 1604 1653 oppidum
1620 1548 1848 1608 ditionis
1875 1547 2344 1609 Barcaeae.1is-

180 1635 321 1695 dem
357 1638 624 1722 institutis
649 1639 710 1696 hi
736 1650 973 1698 utuntur
994 1637 1169 1718 'atque
1196 1639 1275 1696 illi
1302 1640 1397 1717 qui
1417 1657 1597 1720 supra
1619 1640 1890 1718 Cyrenen
1903 1639 2184 1698 habitant.

269 1730 406 1790 172.
437 1718 843 1789 Auschisai-um
872 1730 1092 1800 horum,
1120 1749 1323 1788 versus·
1344 1731 1724 1801 occidentem,
1755 1731 1978 1789 finitimi
1999 1740 2135 1788 sunt
2154 1731 2342 1806 Nasaf

179 1836 381 1891 mones,
402 1809 741 1882 numerosus
771 1819 1061 1901 popuius3
1099 1821 1195 1900 qui
1222 1831 1440 1892 aestate,
1469 1821 1684 1882 relictis
1712 1821 1787 1879 ad
1813 1840 1970 1881 mare
2012 1821 2337 1898 pecoribus,

180 1910 263 1970 ad
289 1909 501 1972 locum
526 1909 619 1972 cui
648 1915 864 1992 Augila
889 1933 1101 1972 nomen
1126 1913 1507 1982 adscendunt,
1537 1911 1814 1990 palmulas
1856 1911 2148 1971 collecturi
2176 1931 2194 1972 ε
2237 1929 2339 1970 na-

180 2001 428 2061 scuntur
468 2001 617 2063 'enim
654 2005 736 2062 ibi
770 2005 1106 2083 frequentes
1141 2001 1354 2082 palmae·
1391 2005 1642 2073 arbores,
1681 2002 1887 2080 insigni
1926 2001 2338 2080 magnitudine,

179 2104 246 2152 et
270 2093 565 2171 frugiferae
604 2115 820 2154 omnes.
884 2094 1091 2171 *Iidem
1118 2096 1365 2153 locustas
1404 2105 1699 2172 venantur,
1731 2113 1872 2172 quas
1900 2093 1986 2154 ·ad
2011 2095 2190 2153 solem
2229 2096 2336 2154 sic·

181 2197 345 2242 catas
370 2185 609 2256 m'olunt,
636 2197 698 2244 et
724 2185 933 2243 deinde
946 2185 1092 2244 lacti
1120 2185 1399 2276 inspersas
1427 2204 1542 2243 una
1569 2204 1702 2243 cum
1725 2185 1880 2244 lacte
1905 2185 2126 2247 bibunt.
2175 2186 2338 2248 Uxo-

180 2291 271 2333 res
307 2274 544 2352 quidem
583 2275 824 2354 quisque
864 2277 1185 2354 complures
1222 2269 1371 2335 solet
1409 2277 1646 2345 habere,
1689 2275 1802 2334 sed
1837 2277 2190 2354 promiscue
2183 2297 2338 2336 eum

178 2365 530 2445 quibuslibet
572 2379 818 2428 coeunt:
857 2367 1024 2428 simili
1050 2369 1243 2439 modo,
1275 2379 1448 2452 atque
1489 2369 1856 2446 Massagetae,
1886 2367 2172 2448 scipione
2185 2369 2339 2446 prius

181 2458 243 2516 in
294 2469 507 2517 terram
534 2459 724 2519 defixo
755 2461 1165 2520 concumbunt.
1247 2461 1496 2526 Quando
1536 2461 1780 2537 primum
1809 2479 2054 2519 uxorem
2069 2461 2230 2520 ducit
2254 2461 2340 2519 vir

183 2549 499 2621 Nasamon,
544 2550 712 2610 moris
740 2561 826 2611 est
864 2563 931 2610 ut
954 2551 1137 2630 prima
1176 2562 1351 2612 nocte
1376 2569 1582 2630 sponsa
1629 2570 1762 2610 cum
1789 2549 2024 2629 singulis
2065 2552 2336 2630 deinceps

180 2641 437 2701 convivis
463 2644 841 2703 concumbat:
882 2654 941 2702 et
974 2643 1229 2721 quilibet,
1269 2655 1579 2722 postquam
1606 2643 1756 2712 coiit,
1786 2643 1998 2702 donum
2041 2643 2142 2702 dat
2180 2643 2338 2723 quod

182 2733 361 2792 domo
381 2752 581 2793 seeum
606 2733 834 2795 adtulit.
914 2737 956 2795 J
959 2733 1293 2809 urisjurandi
1320 2745 1379 2794 et
1407 2733 1761 2792 ‹Evinationis
1799 2734 1952 2810 apud
1981 2753 2078 2792 eos
2105 2734 2165 2791 hi
2196 2734 2338 2792 ritus

180 2835 331 2884 sunt.
413 2827 455 2885 J
458 2828 622 2885 urarit
645 2827 751 2905 per
778 2826 929 2885 viros
954 2826 1057 2904 qui
1077 2825 1226 2885 inter
1250 2827 1403 2906 ipsos
1423 2825 1717 2900 justissimi
1744 2836 1806 2884 et
1828 2823 2112 2882 fortissimi
2140 2823 2338 2882 dicun-

180 2925 274 2976 tur
308 2914 525 2988 fuisse3
562 2938 667 2997 per
692 2917 799 2978 hos
838 2921 1053 2996 jurant,
1080 2906 1346 2997 sepulcra
1371 2915 1570 2975 eorum
1597 2925 1914 2992 tangentes.
1997 2913 2336 2984 Divinaturi,

180 3003 257 3068 ‘ad
294 3003 557 3088 sepulcra
580 3012 867 3070 accedunt
891 3015 1191 3085 majorum,
1220 3017 1280 3066 et
1320 3007 1569 3112 peractis
1595 3006 1859 3084 precibus
1893 3005 2107 3080 ibidem
2145 3003 2338 3062 indor-

181 3104 404 3164 miunt.
442 3104 844 3182 quodcumque
866 3101 1014 3162 dein
1040 3101 1221 3161 visu'm
1250 3099 1491 3178 quisque
1517 3117 1623 3178 per
1639 3115 1910 3156 somnum
1933 3095 2096 3166 vidit,
2128 3115 2199 3155 eo
2225 3096 2338 3155 uti-

178 3205 289 3254 tur.
372 3193 577 3254 Fidem
618 3195 722 3254 sibi
749 3205 947 3286 mutuo
988 3191 1126 3254 dant
1163 3191 1277 3252 hoc
1304 3192 1520 3251 modo:
1562 3191 1710 3250 alter
1733 3189 1898 3248 alteri
1935 3207 2030 3247 ex
2038 3207 2144 3247 sua
2165 3207 2339 3262 manu

174 3285 399 3364 praebet
416 3285 751 3357 bibendum,
772 3277 1134 3365 vicissimque
1162 3303 1240 3344 ex
1262 3283 1493 3343 alterius
1517 3282 1662 3341 bibit
1688 3301 1886 3340 manu.
1911 3278 2068 3359 quod
2087 3278 2134 3338 si
2155 3280 2338 3357 liquo·

174 3377 249 3436 ris
276 3375 424 3436 nihil
450 3377 634 3447 adest,
662 3377 957 3455 pulverem
983 3376 1165 3435 humo
1180 3371 1468 3435 sublatam
1493 3373 1771 3450 lingunt.

259 3469 411 3530 173.
444 3467 863 3528 Nasamonibus
902 3466 1238 3528 contermini
1264 3475 1399 3524 sunt
1443 3465 1632 3540 Psylli.
1715 3443 1798 3522 H'i
1845 3463 1945 3522 tali
1969 3461 2141 3521 modo
2167 3461 2340 3520 inter

178 3557 393 3618 ierunt.
472 3557 667 3634 Notus
710 3571 913 3619 ventus
960 3559 1366 3619 exsiccaverat
1390 3555 1782 3635 receptacula,
1827 3571 1956 3634 quae
2001 3553 2338 3624 habuerant,

180 3666 498 3732 aquarum:
526 3663 628 3712 est
658 3647 809 3728 enim
836 3646 1001 3731 regio
1022 3649 1171 3710 intra‘
1199 3651 1397 3728 Syrtes
1427 3647 1612 3720 omnis
1630 3665 1901 3726 aquarum
1927 3645 2108 3724 inops.
2188 3643 2340 3702 Tum

177 3741 280 3814 ini,
310 3759 387 3802 re·
406 3737 740 3814 deliberata,
770 3745 1055 3804 communi
1103 3741 1339 3804 consilio
1368 3739 1643 3800 adversus
1670 3750 1868 3798 notum
1901 3734 2341 3815 ‘expeditionem

182 3829 601 3938 susceperunt.
634 3832 862 3928 (refero
901 3827 1092 3894 autem
1119 3835 1268 3904 haee,
1304 3851 1434 3912 quoe
1475 3827 1694 3910 Libyes
1733 3839 1962 3890 narrant
1982 3825 2024 3905 τ)
2065 3837 2144 3898 et,
2184 3836 2342 3905 post-

181 3925 357 4003 quam
383 3923 445 3982 in
472 3921 684 3984 arenas
700 3919 1105 4004 pervenerunt,
1128 3935 1355 3983 coortus
1383 3934 1554 3982 notus
1581 3940 1690 3982 eos
1703 3919 1910 3981 obruit.
1992 3897 2224 3984 Quibus
2229 3935 2344 3976 ex-

184 4014 431 4093 stinctis,
458 4015 751 4093 regionem
777 4033 975 4077 eorum
1004 4013 1381 4074 Nasamones
1388 4011 1788 4104 occuparunt(
1913 4015 1932 4032 ‘
2031 4033 2036 4038 ·

262 4108 403 4168 174.
448 4105 637 4184 Supra
661 4108 786 4177 hos,
814 4103 1111 4165 meridiem
1134 4123 1353 4175 versus,
1366 4100 1444 4164 in
1464 4105 1701 4200 regione
1727 4101 1864 4162 feris
1887 4101 2208 4178 frequente,
2238 4097 2341 4156 ha·

182 4195 373 4256 bitant
392 4193 792 4266 'Gar-amunte&
779 4196 913 4277 ·qui
931 4205 1349 4289 quemcumque
1368 4195 1522 4255 hom'
1511 4195 1658 4268 mem
1673 4193 1924 4272 fugiunt,
1948 4203 2010 4250 et
2029 4191 2345 4264 cujuscum-

184 4305 300 4366 que
330 4288 772 4374 commercium.
809 4308 921 4350 nec
942 4305 1105 4349 arma
1124 4287 1251 4347 ulla
1266 4285 1343 4362 ad
1361 4286 1500 4347 belli
1527 4303 1691 4346 usum
1737 4285 1797 4344 hi
1819 4283 2056 4351 babent,
2085 4299 2200 4339 nec
2240 4297 2344 4357 pu-

190 4378 622 4456 summunt.
1206 4473 1245 4529 2

1289 4487 1334 4526 H
