2817 4792
992 311 1573 384 MELPOMENR..
2037 305 2044 312 ’
2173 405 2183 414 ἃ
2239 321 2369 380 219

260 446 420 504 121ἡ
451 441 579 502 His.
594 440 685 502 ita·
703 439 1057 524 deliberatiS,
1086 441 1323 521 Scythae
1340 442 1626 514 egei-citui
1653 441 1816 510 Darii
1831 441 2220 510 obviansunt,
2238 463 2375 523 pro-

162 535 397 616 gressi„
422 533 877 620 praecursoribus
892 533 1200 613 praemissis
1218 534 1505 612 equitibus
1519 534 2019 614 praestantissimis.
2100 535 2368 596 Plaustra

164 647 345 698 vero,
373 627 437 688 in
460 627 689 707 quihus
730 627 914 686 vitam.
946 628 1201 705 agebant
1232 627 1399 696 liberi
1433 647 1644 698 eorum
1661 645 2012 706 uxoresque,
2053 636 2114 686 et
2152 646 2368 706 pecora

169 719 405 790 omnia,
429 713 826 798 praeterquam·
843 729 988 798 quot
1014 718 1095 779 ad
1114 719 1335 784 victum,
1366 719 1770 794 sufficiebant,
1770 729 1860 779 tot
1894 719 2130 798 relictis,
2157 729 2375 787 coetera

170 811 359 870 simul
388 829 525 871 cum
548 809 835 902 plaustris
840 792 1189 881 dimiserunt,
1214 810 1357 870 dato
1356 811 1674 889 mandato,
1695 820 1760 868 ut
1779 829 1980 878 versus
2005 811 2368 890 septemtrio·
2369 855 2376 862 .
2472 829 2490 850 ⁰

170 921 325 962 nem
348 901 627 961 continuo
649 895 911 980 agerent.
968 891 1161 966 Haec.
1145 901 1321 980 igitur.
1334 900 1508 976 ita-in,
1521 910 1656 977 tuto-
1669 901 2056 971 collocabant,

264 997 420 1057 122.
438 995 870 1054 Antecursores
896 993 1250 1073 Scytharum
1273 1004 1580 1072 postquam
1603 993 1810 1069 Persas
1832 1002 2173 1072 repererunt,
2193 993 2370 1064 tridui

174 1085 402 1144 itinere
426 1087 502 1144 ab
530 1079 683 1146 Istro
698 1105 1053 1164 progressos,
1071 1087 1238 1146 unius
1261 1086 1379 1146 diei
1404 1086 1610 1147 itinere
1639 1087 1710 1152 ab
1737 1087 1852 1162 illis
1871 1087 2158 1150 distantes..
2176 1097 2371 1160 castra

172 1188 545 1257 posuerunt3
584 1188 664 1248 et,
711 1177 987 1256 quidquid
1032 1178 1322 1258 progignit
1364 1171 1547 1250 terra,{
1577 1178 1640 1240 id
1681 1198 1858 1240 omne
1891 1177 2370 1255 comminuerunt,

177 1270 389 1329 Persae
424 1288 587 1343 vero,
614 1277 682 1328 ut
727 1269 1081 1347 Scytharum
1108 1269 1434 1348 equitatum
1457 1270 1726 1332 viderunt
1763 1269 1870 1330 sibi
1909 1279 2364 1348 comparentem,

176 1362 437 1440 vestigia
472 1381 675 1422 eorum
698 1363 967 1440 legentes
1004 1363 1295 1441 progressi
1321 1374 1473 1434 sunt,
1515 1363 1950 1442 quum-quidem
1975 1362 2063 1422 illi
2093 1362 2371 1424 continuo

176 1465 341 1516 retro
358 1453 665 1531 cederent.
746 1455 934 1514 Erant
960 1464 1157 1530 autem
1182 1455 1262 1528 hi,
1284 1523 1290 1527 ,
1309 1451 1513 1530 contra
1551 1475 1708 1540 quos.
1725 1455 1836 1514 iter
1863 1472 2028 1514 snum
2058 1455 2257 1534 Persae,
2284 1454 2370 1524 di,-
2464 1535 2467 1538 Ι

177 1547 477 1626 rigebant,
498 1566 616 1606 una
628 1546 731 1606 illa
753 1546 1100 1626 Scytharum
1116 1566 1272 1626 pars,
1294 1567 1468 1626 quam
1484 1567 1658 1626 supra
1677 1547 2144 1617 commemoravi3
2171 1547 2368 1626 itaque

180 1640 432 1699 eosdem
452 1638 683 1712 ,deinde
726 1639 1005 1699 orientem
1037 1658 1259 1709 versus,
1298 1649 1358 1698 et
1383 1658 1583 1716 versus
1627 1638 1870 1710 Tanain,
1901 1647 2034 1701 sunt
2058 1639 2368 1720 persecuti.

184 1730 275 1788 Et
326 1740 635 1808 postquam
667 1729 891 1790 Tanain
930 1731 1171 1790 fluvium
1196 1729 1255 1788 hi
1294 1735 1663 1806 trajecerunt,
1707 1729 1900 1789 Persae
1941 1729 2083 1796 item
2121 1734 2370 1805 trajecto

182 1823 368 1882 fluvio
394 1841 502 1882 eos
527 1831 661 1881 sunt
686 1823 1015 1901 persecuti;
1036 1823 1265 1896 donec,
1293 1831 1604 1902 peragrata
1632 1821 2102 1892 Sauromatarum
2130 1819 2370 1895 ditione,

181 1915 255 1982 in
267 1913 631 1984 Budinorum
656 1914 961 1992 regionem
981 1925 1422 1996 pervenerunt.
1441 1959 1444 1962 .
1553 1957 1559 1966 .

272 2011 411 2068 123.
456 2006 747 2072 Quamdiu
790 2007 964 2086 igitur
1003 2027 1133 2087 per
1153 2008 1504 2088 Scythicam-
1530 2019 1591 2066 et
1641 1969 2097 2078 Sauromatidem
2147 2017 2366 2069 terram

185 2100 300 2160 iter.
323 2099 521 2176 Persae
537 2098 872 2172 faciebant3
896 2099 1051 2182 nihil
1081 2101 1241 2180 quod
1259 2111 1486 2160 vastare
1513 2108 1746 2178 possent
1773 2108 2128 2181 repererunt,
2151 2098 2366 2182 quippe

184 2190 247 2248 in
274 2191 439 2266 arida
462 2200 523 2251 et
560 2190 779 2250 inculta
796 2233 801 2238 ‚
818 2201 991 2251 terra.
1072 2193 1388 2270 Postquam
1415 2209 1555 2251 vero
1583 2191 1986 2268 Budinorum
1968 2191 2208 2270 mgressi
2233 2202 2368 2256 sunt

186 2283 509 2362 regionem,
548 2283 799 2361 ligneam
837 2285 919 2344 ibi
952 2285 1155 2344 urbem
1184 2284 1565 2356 offendentes,
1590 2304 1626 2344 a
1666 2284 1906 2344 Budinis
1934 2285 2275 2363 desertam,
2304 2297 2368 2346 et

188 2377 470 2450 omnihus,
485 2377 661 2437 rebus
680 2396 922 2448 vacuam
945 2378 1347 2438 incenderunt.
1372 2419 1379 2426 -
1428 2377 1607 2448 Dum,
1626 2397 1764 2438 vero
1785 2378 1903 2437 hoc
1924 2379 2198 2458 agebant,
2228 2397 2364 2439 con-

190 2469 357 2528 tinuo
404 2487 511 2548 per
548 2469 739 2528 tritam
779 2469 930 2529 viam
969 2469 1207 2530 ulterius
1247 2471 1788 2549 progrediebantur,
1825 2471 2018 2530 donec
2055 2471 2116 2530 in
2155 2481 2376 2538 terram

186 2580 423 2642 prorsus
463 2559 749 2622 desertam
778 2569 1177 2639 pervenerunt.
1261 2561 1448 2626 Situm
1477 2571 1566 2620 est
1606 2571 1804 2622 autem
1829 2562 1950 2624 hoc
1992 2563 2303 2633 desertum,
2333 2582 2371 2622 a

188 2653 363 2728 nullis
399 2671 629 2732 prorsus
688 2651 1017 2714 hominibus
1056 2651 1397 2724 habitatum,
1443 2672 1624 2731 supra,
1655 2653 2014 2712 Budinorum
2071 2654 2370 2732 regionem
2463 2701 2473 2711 .

189 2755 471 2824 patetque
496 2744 806 2822 in‘septem
834 2743 1057 2802 dierum
1076 2743 1205 2802 iter.
1250 2745 1438 2824 Super
1465 2764 1538 2803 eo
1567 2745 1798 2804 deserto
1823 2744 2087 2810 habitant
2115 2744 2365 2822 Thyssa-

188 2847 341 2916 getae
368 2858 384 2896 ι
423 2857 671 2916 quorum
698 2855 771 2897 ex
815 2847 971 2894 terra
1008 2845 1253 2914 quatuor
1280 2846 1495 2894 exeunt
1529 2831 1742 2914 m'agna
1767 2835 2024 2904 flumina,
2051 2853 2182 2914 quae
2209 2844 2365 2914 post-

188 2948 361 3010 quam
380 2948 485 3008 per
514 2931 764 2989 Maeotas
793 2927 1037 2998 fluxere,
1064 2926 1127 2984 in
1168 2927 1422 2998 Maeotin,
1462 2928 1752 3006 paludem,
1781 2947 1913 3006 quse.
1953 2937 2208 2996 vocatur,
2235 2945 2366 2994 sese
2401 2961 2412 2984 ι

192 3007 545 3080 exonerant}
588 3018 833 3086 nomina,
860 3019 1072 3078 horum⁴
1106 3017 1404 3078 fluminum
1445 3029 1586 3090 sunt⁹
1613 3018 1840 3096 Lycus,
1873 3018 2084 3090 OaruS,
2129 3017 2368 3094 Tanais,

196 3111 419 3192 SyrgiS,
450 3113 612 3190 [siv-2,
623 3111 977 3191 Hyrgia]

186 3271 193 3276 ,
269 3209 408 3264 124.
452 3204 682 3274 Darius,
706 3215 1023 3282 postquam
1058 3203 1119 3262 in
1156 3203 1450 3262 desertum
1477 3204 1781 3283 pervenit,
1801 3203 2009 3264 omisso
2047 3222 2236 3273 cursu,
2287 3203 2366 3268 ad

192 3298 413 3360 flumen
449 3296 671 3372 Oarum
704 3295 919 3362 stativa
952 3295 1187 3368 hahuit:
1226 3315 1303 3361 ac
1334 3315 1444 3374 per
1482 3295 1545 3354 id
1579 3305 1801 3374 tempus
1841 3306 1979 3355 octo
2021 3313 2234 3372 magna
2274 3314 2366 3354 ca-

190 3389 365 3451 stella
398 3387 659 3460 munivit,
688 3387 949 3465 paribus
955 3387 1267 3446 intervallis
1294 3407 1331 3446 a
1357 3407 1421 3445 se
1462 3387 1709 3447 invicem
1736 3387 2022 3457 distantia,
2065 3387 2366 3466 sexaginta

190 3480 424 3540 circiter
445 3480 631 3540 stadia
652 3497 685 3538 ε.
711 3477 964 3558 quorum
985 3499 1117 3540 mea
1142 3479 1316 3546 etiam
1344 3499 1498 3540 nunc
1526 3490 1702 3539 aetate
1727 3479 2138 3558 superfuerunt
2163 3479 2362 3544 ruInae.

182 3567 363 3648 Dum
374 3572 477 3630 ille
518 3573 577 3633 in
596 3572 686 3632 his
711 3582 841 3633 erat
864 3582 1205 3650 occupatuS,
1231 3571 1459 3632 interim
1491 3571 1750 3652 Scythae,
1774 3591 1920 3650 quos
1950 3581 2074 3638 erat
2100 3590 2367 3650 persecu-

190 3675 300 3740 tus,
343 3664 667 3750 circumitis
694 3664 843 3725 locis
881 3663 1286 3756 superioribus,
1326 3663 1389 3722 in
1418 3663 1714 3744 Scythiam
1756 3674 1898 3726 sunt
1935 3663 2168 3724 reversi.
2247 3662 2364 3737 Qui

190 3775 403 3836 quum
420 3773 657 3848 prorsus
699 3753 775 3812 ex
824 3764 1144 3833 conspectu
1179 3765 1373 3815 essent
1414 3757 1642 3826 remoti²
1675 3775 1788 3815 nec
1834 3774 2073 3835 usquam
2121 3755 2363 3834 amplius

182 3859 643 3935 comparerent,
656 3846 739 3907 ita
785 3845 1016 3917 Darius,
1060 3846 1309 3910 castellis
1355 3846 1476 3906 illis
1507 3847 1864 3928 imperfectis
1909 3847 2140 3919 relictis,
2179 3857 2365 3906 retro-

188 3959 423 4018 gressus
462 3951 572 4011 est,
615 3938 818 4000 itinere
858 3937 935 3998 ad
974 3939 1342 4000 occidentem
1384 3958 1683 4016 converso.
1765 3939 2018 4006 Putabat
2043 3939 2224 4011 enim,
2257 3939 2362 4004 hos

190 4050 320 4090 esse
346 4030 643 4108 universos
676 4029 946 4128 Scythas,
972 4041 1035 4090 et
1061 4030 1434 4111 occidentem
1455 4027 1650 4096 versus
1677 4027 2008 4109 profugere.

184 4189 191 4194 ,
271 4129 408 4190 125.
460 4121 717 4202 Magnis
741 4123 1039 4186 itineribus
1086 4144 1215 4184 cum
1265 4124 1526 4184 exercitu
1570 4123 1865 4203 profectus
1906 4123 2141 4192 Darius,
2189 4132 2255 4183 ut
2301 4122 2362 4180 in

194 4215 537 4312 Scythicam
568 4225 799 4283 terram
822 4216 1101 4295 pervenit,
1126 4216 1373 4292 incidit
1360 4236 1420 4274 ιιι
1436 4215 1669 4292 junctas
1697 4214 1846 4274 duas
1865 4215 2074 4281 alteras
2119 4213 2364 4294 Scytha·

191 4325 319 4368 rum
355 4317 600 4390 partes:
634 4326 783 4386 quas,
813 4306 893 4365 ibi
917 4317 1141 4383 nactus,
1180 4315 1522 4387 persecutus
1563 4317 1651 4368 est
1691 4306 1791 4377 ita,
1823 4316 1893 4372 ut
1913 4305 2014 4378 illi,
2041 4323 2172 4372 sese
2213 4303 2360 4372 reci»

190 4397 435 4476 pientes,
462 4417 693 4478 semper
718 4399 888 4460 unius
916 4399 1033 4460 diei
1072 4399 1278 4459 itinere
1314 4399 1497 4478 ipsum
1537 4398 1972 4492 antecederent.
2053 4399 2360 4478 Quumque
