2817 4792
815 343 1932 548 ·fianDoT1‘

661 657 2139 774 HISTORIARUM

991 901 1303 970 LIBER
1369 901 1791 972 PRIMUS.

1199 1129 1584 1216 CLIO.

995 1355 1781 1407 -ae-..........—-—-—...........——-..==

294 1505 734 1596 Hsaonorus
763 1534 1262 1612 Halicarnasseus,
1303 1553 1439 1620 quse
1464 1554 1641 1620 quum
1664 1535 1889 1602 caeteris
1914 1533 1991 1600 de
2016 1535 2211 1612 rebus,
2238 1545 2357 1600 tum
2384 1531 2472 1606 de.

287 1641 504 1686 caussa
527 1628 814 1714 bellorum
837 1629 1082 1692 Groecos
1107 1631 1260 1692 inter
1283 1630 1693 1714 Barbarosque
1716 1643 2033 1717 gestorum,
2068 1633 2460 1714 perquirendo

285 1719 590 1795 cognovit,
629 1740 702 1781 ea
738 1721 830 1780 his
867 1723 1032 1782 libris
1071 1722 1413 1802 consignata
1450 1723 1513 1782 in
1552 1723 1845 1802 publicum
1882 1725 2035 1794 edit,
2076 1745 2170 1796 ne,
2212 1745 2345 1802 quse
2382 1724 2458 1784 ab

286 1807 620 1871 hominibus
647 1824 812 1890 gesta
835 1825 990 1885 sunt,
1013 1833 1322 1892 progressu
1345 1815 1623 1892 temporis
1646 1814 1931 1874 oblivione
1959 1816 2285 1892 deleantur,
2310 1831 2461 1876 neve
2584 1815 2593 1826 ’

285 1903 574 1979 preclara
595 1903 990 1984 mirabilisque
1007 1905 1186 1979 facta,
1214 1925 1348 1986 quae
1362 1905 1458 1965 vel
1481 1925 1519 1966 a
1545 1904 1775 1966 Graecis
1798 1903 1957 1964 edita
1978 1913 2113 1964 sunt
2131 1905 2225 1964 vel
2251 1924 2289 1964 a
2312 1904 2459 1964 Bar·

282 1992 468 2066 baris,
495 2015 602 2056 sua
623 1997 800 2058 laude
823 1996 1180 2058 fraudentur.

377 2091 434 2146 1.
471 2087 606 2146 Jam
635 2089 941 2150 Persarum
969 2089 1202 2168 quidem
1227 2088 1487 2150 literatos
1514 2087 1565 2149 si
1590 2055 1811 2161 audias,
1846 2086 2269 2148 inimicitiarum
2296 2081 2461 2167 primi

279 2187 561 2238 auctores
587 2180 896 2242 Phoenices
918 2180 1107 2241 fuere.
1173 2179 1306 2240 Hos
1333 2180 1509 2252 enim,
1534 2179 1718 2251 aiunt,
1746 2187 2048 2258 postquam
2076 2197 2112 2240 a
2139 2179 2281 2240 mari
2298 2177 2459 2258 quod

281 2265 562 2327 {Rubrum
591 2282 830 2331 vocatur
868 2273 944 2331 ad
977 2273 1095 2333 hoc
1130 2282 1392 2332 nostrum
1428 2289 1591 2331 mare
1630 2268 2015 2340 advenissent,
2057 2270 2331 2348 hancque
2366 2288 2459 2330 re·

275 2358 520 2440 gionem
563 2381 735 2440 quam
773 2363 946 2422 etiam
983 2383 1140 2422 nunc
1181 2363 1463 2436 incolunt,
1498 2361 1811 2442 coepissent
1846 2361 2128 2434 habitare,
2178 2361 2456 2424 continuo

277 2451 742 2530 navigationibus
775 2453 1108 2534 longinquis
1132 2452 1361 2514 dedisse
1388 2473 1643 2532 operam,
1676 2465 1741 2514 et
1776 2452 2215 2514 transvehendis
2245 2453 2457 2514 merci·

275 2543 396 2602 bus
423 2545 708 2624 AEgyptiis
743 2545 1113 2626 Assyriisque
1144 2565 1327 2625 quum
1355 2545 1497 2606 alias
1532 2545 1783 2606 Graecias
1816 2555 2029 2624 partes,
2064 2555 2185 2604 tum
2217 2563 2359 2605 vero
2392 2554 2459 2606 et

269 2635 472 2722 Argos
497 2637 725 2698 adiisse.
805 2640 1003 2718 Argos
1029 2637 1187 2698 enim
1208 2636 1322 2698 illis
1343 2638 1703 2716 temporibus
1730 2637 1879 2698 inter
1904 2637 2019 2697 alia
2042 2641 2167 2712 ejus
2200 2637 2453 2716 regionis

273 2729 528 2809 oppida,
544 2749 678 2810 >quse
705 2729 942 2791 Graecia
965 2750 1122 2790 nunc
1147 2729 1495 2800 nominatur,
1514 2731 1687 2790 rebus
1708 2729 1973 2790 omnibus
1996 2729 2305 2791 eminebat.
2360 2727 2457 2792 Ad

275 2825 486 2901 Argos
523 2823 697 2900 igitur
733 2823 850 2900 hqc
887 2833 1196 2902 postquam
1235 2822 1588 2903 adpulissent
1629 2822 1951 2894 Phoenices,
1993 2821 2187 2902 ibique
2223 2840 2455 2884 merces

272 2935 417 2974 snas
441 2934 652 2974 venum
678 2914 1098 2994 exposuissent,
1132 2915 1334 2995 quinto
1364 2926 1465 2976 aut
1502 2926 1673 2976 sexto
1706 2914 1781 2976 ab
1818 2915 2075 2977 adventu
2106 2913 2223 2983 die,
2251 2913 2449 2974 diven-

271 3009 416 3068 ditis
441 3008 568 3068 fere
592 3009 766 3067 rebus
786 3007 1074 3088 omnibus,
1099 3008 1370 3080 mulieres,
1385 3009 1465 3068 ad
1484 3027 1643 3079 mare
1666 3007 1915 3086 venisse,
1937 3024 2114 3086 quum
2134 3005 2275 3064 alias
2299 3002 2451 3076 mul-

269 3111 390 3172 tas,
407 3111 529 3158 tum
555 3119 696 3160 vero
711 3111 772 3159 et
787 3099 942 3178 regis
957 3099 1133 3160 filiam
1149 3124 1170 3171 ς
1197 3119 1370 3179 quam
1385 3099 1624 3180 quidem
1631 3096 1859 3160 eodem
1874 3096 2107 3158 nomine
2124 3095 2321 3158 Persae
2333 3089 2446 3156 ‘ad-

269 3193 502 3274 pellant
526 3203 702 3272 atque
720 3191 942 3264 Graeci,
963 3193 1030 3252 Io
1055 3191 1282 3254 Inachi.
1345 3191 1499 3260 Ques
1524 3189 1660 3250 dum
1676 3189 1753 3249 ad
1772 3188 2013 3268 puppim
2038 3187 2210 3250 navis
2224 3197 2447 3250 stantes

267 3296 674 3344 mercarentur
725 3301 952 3345 merces
1002 3305 1132 3364 quse
1183 3284 1417 3343 illarum
1466 3281 1719 3342 maxime
1771 3281 1989 3340 animos
2042 3279 2446 3357 advertissent,

270 3376 586 3436 Phoenices
619 3377 848 3437 interim
873 3387 1074 3436 mutuo
1105 3395 1234 3436 sese
1265 3375 1599 3436 cohortatus
1630 3373 1907 3452 impetum
1939 3372 2003 3432 in
2035 3371 2162 3434 illas
2195 3370 2445 3433 fecisse.
2426 3371 2447 3406 ²·

261 3481 342 3530 et
377 3475 648 3544 majorem
689 3470 922 3550 quidem
962 3469 1264 3528 mulierum
1304 3485 1608 3526 numerum
1646 3465 1995 3545 profugisse,
2034 3463 2107 3525 Io
2134 3481 2273 3526 vero
2312 3479 2447 3524 oum

259 3561 402 3634 aliis
423 3561 598 3622 fuisse
623 3572 882 3640 raptam.
908 3560 1155 3640 quibus'
1137 3581 1198 3620 m
1221 3579 1431 3620 navem
1451 3556 1737 3638 inpositis,
1765 3557 1954 3618 soluta
1977 3553 2109 3617 navi
2118 3552 2443 3666 Phoenices

265 3655 596 3732 AEgyptum
620 3671 818 3714 versus
841 3653 976 3712 vela
999 3651 1231 3712 fecisse.
2200 3671 2207 3679 “

257 3781 268 3788 —
349 3751 412 3805 9..
456 3745 592 3804 Hac
635 3745 870 3824 quidem
899 3743 1120 3803 ratione
1160 3743 1222 3802 in
1265 3743 1585 3822 AEgyptum
1618 3739 1951 3844 pervenisse
1987 3739 2084 3798 Io
2096 3705 2259 3801 aiunt
2298 3681 2439 3800 Per-

257 3858 376 3907 sae,
417 3855 586 3896 secus
623 3847 800 3914 atque
845 3836 1055 3908 Graeci,
1097 3835 1274 3915 idque
1320 3835 1568 3914 primum
1614 3833 1829 3892 fuisse·
1824 3829 2167 3906 injuriarum
2202 3829 2443 3892 initium.

259 3927 510 3988 Deinde
535 3947 675 3987 vero
716 3928 962 3988 Graecos
995 3929 1317 3999 nonnullos,
1360 3945 1606 4006 quorum
1642 3923 1877 3984 nomina
1904 3941 2023 3981 non
2047 3931 2291 4000 possunt
2314 3941 2440 3985 me-

253 4037 518 4089 morare,
554 4018 882 4094 (fuerint-hi
905 4028 1102 4080 autem
1131 4016 1484 4094 Cretenses>
1526 4017 1747 4097 Tyrum
1782 4012 2099 4075 Phoeniciae
2130 4013 2293 4074 aiunt
2332 4015 2437 4074 ad-

247 4109 504 4190 pulisse,
530 4109 824 4188 filiamque
855 4110 1008 4190 regis
1033 4110 1288 4190 rapuisse
1331 4109 1665 4188 Europam:
1704 4121 1777 4169 ac·
1810 4107 1897 4168 sic
1923 4105 2157 4186 quidem
2183 4125 2289 4185 par
2312 4104 2437 4184 pari

247 4200 448 4261 fuisse
467 4203 542 4262 ab
567 4203 658 4266 his
685 4223 1010 4284 repensum.
1035 4255 1040 4260 .
1085 4205 1235 4264 Post
1260 4202 1390 4262 haec
1418 4212 1615 4262 autem
1640 4200 1887 4260 Graecos
1918 4198 2195 4258 secundae
2219 4193 2439 4272 injurie

251 4293 448 4353 fuisse
473 4305 776 4356 auctores:
819 4295 1036 4356 etenim
1066 4295 1252 4374 longa
1279 4295 1415 4355 navi
1454 4293 1645 4364 AEam,
1689 4289 1985 4352 Colchidis
2021 4288 2320 4367 oppidum.
2356 4287 2437 4352 ad

233 4385 486 4449 -Phasin
520 4387 830 4468 profectos,
865 4387 1144 4468 perfectis
1181 4387 1406 4450 caeteris
1443 4387 1886 4470 rehusgquaffum
1922 4398 2132 4472 σηιξη
2166 4377 2431 4471 advenis·-

1325 4498 1366 4540 ,Β
1818 4499 1829 4503 ,
1997 4504 2035 4520 Q
2048 4490 2063 4502 ,
2212 4493 2223 4501 ,
