2817 4792
512 301 629 379 994
1092 289 1542 352 ΗΕιιοιιοΤι
1587 287 1923 351 ms‘ron.
1968 291 2072 350 VI.
2131 312 2136 320 ·

510 432 684 492 esset,
726 420 968 482 Graeeus
996 427 1097 484 ‚est
1138 420 1347 491 factus,
1384 439 1502 480 non
1541 439 1678 479 vero
1718 421 1919 480 Persei
1955 423 2240 498 majores:
2295 417 2534 479 'Acrisii
2559 438 2688 478 vero

499 513 899 592 progenitores
926 512 1155 592 generis
1179 512 1604 591 propinquitate
1636 512 1710 572 ad
1737 513 2014 573 Perseum
2053 512 2197 572 nihil
2222 513 2549 591 pertinere,
2587 513 2686 570 sed

508 625 655 674 me,
680 604 1164 683 quemadmodum
1191 603 1387 664 Graeci
1423 604 1644 676 dicunt,
1673 601 1996 684 AEgyptios.
2041 603 2049 610 ’

584 699 683 758 55.
727 696 803 754 Et
826 696 955 755 hoec
980 694 1213 774 quidem
1252 696 1327 755 de
1350 694 1440 755 his
1469 695 1627 756 dicta
1661 696 1962 757 sufficiant.
2045 697 2166 757 Cur
2191 715 2348 768 vero,
2377 706 2448 761 et
2475 696 2680 774 quibus
2756 755 2757 776 5

502 788 676 848 rebus
722 787 918 866 gestis,
968 787 1227 867 AEgyptii
1266 807 1444 866 quum
1484 799 1695 859 essent,
1742 788 2108 849 Doriensium
2151 789 2320 867 reges
2367 786 2674 856 evaserint,

504 879 707 940 omitto
734 898 1070 956 memorare,
1096 897 1275 957 quum
1298 880 1373 938 ab
1413 879 1536 938 aliis
1563 880 1694 940 haec
1721 879 1984 959 exposita
2009 879 2146 941 sint.
2225 882 2374 947 Quae
2401 897 2551 939 vero
2589 877 2677 938 alii
2756 869 2757 876 ἵ

497 991 619 1032 non
644 983 1023 1049 occuparunt,
1054 989 1247 1030 eorum
1274 970 1626 1032 mentionem
1649 971 1880 1031 faciam.
2755 979 2757 1042 j

578 1067 679 1124 56.
722 1061 951 1142 Nempe
978 1063 1198 1122 honores
1228 1073 1287 1122 et
1305 1063 1620 1141 privilegia,
1647 1063 1865 1141 regibus
1899 1084 1934 1124 a
1961 1063 2253 1140 Spartanis
2277 1063 2520 1134 tributa,
2548 1063 2671 1120 haec

434 1161 439 1167 '
494 1165 654 1215 sunt.
739 1153 1079 1215 sacerdotia
1098 1155 1233 1226 duo,
1263 1155 1303 1214 J
1306 1173 1427 1213 owe
1451 1154 1898 1224 Lacedaemonii,
1927 1166 1990 1215 et
2006 1155 2170 1216 Jovis
2197 1155 2514 1216 Coelestis·
2559 1164 2668 1212 tun

499 1246 622 1304 belli
642 1245 906 1324 inferendi
922 1241 1171 1322 potestas
1210 1245 1269 1304 in
1294 1265 1716 1325 quamcumque
1753 1247 1929 1306 velint
1965 1258 2214 1315 terramg
2257 1245 2352 1306 cui
2391 1244 2666 1324 potestati

495 1335 859 1397 intercedere
882 1353 1055 1396 nemo
1084 1336 1401 1416 Spartanus
1436 1347 1648 1416 potest,
1691 1337 1829 1416 quin
1853 1337 2130 1417 piaculari
2156 1357 2222 1398 se
2253 1336 2502 1404 crimine
2528 1335 2664 1395 obli-

496 1439 619 1509 get.
698 1431 891 1496 Quum
907 1430 967 1488 in
985 1429 1201 1490 bellum
1224 1429 1688 1508 proficiscuntur,
1708 1429 1875 1508 primi
1895 1430 2178 1490 incedunt
2195 1433 2367 1508 reges,
2387 1428 2662 1508 postremi

494 1519 775 1582 redeunt:
818 1532 880 1582 et
903 1533 1137 1582 centum
1167 1520 1380 1581 delecti
1401 1521 1503 1580 viri
1529 1521 1590 1580 in
1615 1521 1870 1582 exercitu
1897 1541 1997 1582 eos
2037 1521 2394 1581 custodiunt.
2483 1519 2661 1578 Victi-

492 1613 603 1674 mis
630 1624 869 1674 utuntur
894 1614 955 1673 in
982 1612 1462 1693 expeditionibus,
1481 1623 1875 1693 quotcumque
1902 1613 2142 1683 volunt;
2176 1622 2239 1672 et
2263 1611 2524 1672 omnium
2557 1610 2655 1668 im-

478 1705 827 1790 molatarum
847 1706 1139 1786 pecudum
1158 1717 1219 1766 et
1240 1705 1422 1784 pelles
1441 1716 1502 1765 et
1521 1715 1687 1786 terga
1705 1705 1818 1784 ipsi
1838 1706 2151 1785 accipiunt.
2180 1705 2340 1772 Haec.
2354 1715 2512 1777 sunt,
2530 1721 2654 1781 quae

494 1799 571 1858 ad
596 1799 811 1863 bellum
832 1800 1141 1879 pertinent.
2541 1784 2546 1794 Ι

568 1893 669 1956 57.
710 1893 783 1950 In
804 1911 937 1968 pace
960 1893 1021 1950 hi
1048 1892 1268 1952 eisdem
1288 1893 1536 1953 honores
1561 1905 1624 1953 et
1648 1895 1886 1974 proemia
1911 1911 2206 1954 concessa.
2293 1892 2353 1952 si
2378 1891 2512 1970 quis
2542 1905 2648 1970 pu-

482 1983 701 2043 blicum
738 1983 882 2044 facit
920 1985 1278 2056 sacrificium,
1320 1986 1488 2064 primi
1523 1986 1581 2044 in
1605 2006 1772 2046 coena
1811 1985 2016 2047 sedent
2039 2005 2228 2065 reges,
2257 1997 2318 2044 et
2357 1986 2434 2044 ab
2473 1984 2560 2043 his
2583 1982 2644 2040 fit

488 2078 1007 2139 distribuendorum
1034 2081 1291 2140 ciborum
1318 2081 1561 2153 initium,
1585 2083 1668 2142 ita
1697 2083 1926 2162 quidem
1955 2093 2024 2149 ut
2041 2081 2270 2160 utrique
2311 2081 2438 2158 regi
2464 2081 2540 2138 de
2557 2097 2643 2135 re-

485 2173 595 2232 bus
620 2170 883 2232 omnibus
908 2170 1127 2250 duplex
1153 2172 1351 2251 portio
1370 2173 1674 2252 tribuatur,
1704 2195 1876 2254 quam
1917 2174 2142 2234 caeteris
2179 2172 2466 2234 convivis:
2507 2171 2640 2229 liba·

340 2297 347 2300 ·
468 2267 641 2334 mina
667 2257 837 2325 etiam
864 2267 925 2325 hi
964 2266 1347 2345 auspicantur,
1388 2267 1679 2345 iidemque
1718 2277 2092 2326 mactatarum
2132 2267 2427 2346 pecudum
2468 2263 2637 2342 pelles

482 2358 794 2436 accipiunt.
876 2359 979 2418 Ad
998 2359 1151 2434 hoec,
1180 2359 1416 2437 singulis
1443 2359 1759 2428 novilunii&
1792 2369 1852 2417 et
1877 2357 2122 2436 septimo
2143 2362 2418 2434 cujusque
2440 2351 2634 2413 mensis

480 2448 593 2522 die,
620 2449 847 2528 utrique
872 2470 1075 2529 regum
1104 2469 1177 2508 ex
1215 2450 1446 2529 publico
1487 2450 1656 2509 datur
1691 2451 1954 2530 perfecta
1991 2449 2221 2508 victima
2255 2449 2316 2506 in
2355 2443 2631 2526 Apollinis

452 2595 457 2601 .
478 2542 696 2620 templo
721 2543 1042 2614 mactanda,
1071 2552 1131 2602 et
1158 2542 1355 2603 farinae
1374 2543 1716 2614 medimnus,
1739 2552 1800 2601 et
1813 2541 1934 2614 yini
1954 2541 2269 2624 quartarius
2290 2534 2626 2600 Laconicus.

478 2634 552 2692 In
592 2634 853 2694 omnibus
892 2635 1042 2695 ludis
1082 2625 1324 2713 publicis
1364 2634 1534 2694 sedes
1576 2635 1876 2714 primarias
1921 2644 1982 2692 et
2019 2632 2351 2712 proecipuas
2407 2631 2628 2690 habent.

476 2726 769 2785 Proxenos
809 2725 1132 2786 civitatibus
1172 2725 1344 2786 iidem
1388 2726 1682 2786 nominant
1719 2745 1754 2786 e
1782 2725 1998 2785 civibus
2025 2740 2418 2802 quoscumque
2448 2720 2628 2780 volue-

472 2813 621 2890 rint3
663 2831 723 2880 et
746 2832 995 2900 uterque
1031 2822 1175 2880 duos
1217 2819 1478 2878 nominat
1517 2819 1790 2902 Pythius:
1830 2829 1966 2878 sunt
2005 2827 2198 2877 autem
2242 2813 2460 2894 Pythii,
2485 2812 2624 2871 cives

472 2913 569 2991 qui
610 2913 871 2992 Delphos
911 2914 1215 2972 mittuntur
1254 2911 1331 2972 ad
1372 2911 1788 2972 consulendum
1827 2910 2156 2977 oraculum;
2197 2907 2372 2986 hique
2409 2902 2625 2985 publice

472 3023 605 3063 cum
631 3005 865 3082 regibus
892 3004 1140 3065 aluntur.
1183 3003 1432 3069 Quando
1453 3003 1531 3062 ad
1557 3023 1784 3069 coenam
1812 3021 1929 3061 non
1947 3000 2184 3062 veniunt
2201 3017 2389 3076 regeS,
2411 2997 2624 3072 utrique

472 3095 706 3156 domum
730 3097 1035 3156 mittuntur
1063 3097 1178 3156 duo
1200 3094 1492 3155 choenices
1519 3095 1737 3166 farinae,
1761 3105 1819 3154 et
1843 3093 1958 3154 vini
1987 3091 2222 3172 cotyla·
2204 3135 2221 3150 .
2265 3086 2624 3169 praesentibus

467 3207 607 3247 vero
634 3180 913 3247 tribuituf
932 3188 1005 3248 de
1026 3188 1289 3248 omnibus
1321 3188 1494 3246 rebus
1521 3186 1740 3266 duplex
1769 3177 1986 3265 portio,
1970 3210 1984 3224 ·
2025 3185 2296 3262 idemque
2321 3181 2432 3238 illis
2452 3181 2622 3238 honos

336 3317 351 3328 -
465 3278 728 3349 habetur,
758 3279 987 3360 quoties
1010 3299 1045 3340 a
1068 3279 1293 3360 privato
1318 3279 1549 3338 homine
1575 3279 1652 3338 ad
1673 3297 1895 3337 coenam
1913 3287 2218 3336 vocantur.
2296 3272 2473 3331 Edita
2491 3266 2621 3329 vati·

474 3369 623 3428 cinia
647 3371 708 3430 hi
736 3372 1085 3458 custodiunt,
1116 3373 1223 3432 sed
1262 3371 1343 3430 ita
1370 3382 1436 3430 ut
1463 3369 1795 3432 eorumdem
1821 3368 2036 3429 conscii
2077 3367 2192 3424 sint
2232 3347 2444 3444 Pythii.
2525 3361 2620 3420 Ju-

463 3459 659 3520 dicunt
694 3463 798 3521 soli
826 3448 989 3542 reges
1016 3460 1091 3524 de
1118 3464 1273 3524 hisce
1303 3464 1489 3523 solum
1515 3464 1723 3524 rebus.
1765 3462 1840 3521 de
1869 3460 2088 3539 virgine
2117 3469 2483 3555 paternorum
2509 3473 2620 3512 om-

439 3555 620 3624 ,nium
640 3555 920 3614 bonorum
940 3557 1195 3628 haerede‚
1216 3558 1310 3616 cui
1331 3557 1430 3616 illa
1449 3557 1671 3616 nubere
1693 3555 1922 3626 debeat,
1944 3553 2050 3613 nisi
2064 3555 2184 3630 Jam
2213 3571 2250 3609 a
2268 3561 2432 3630 patre
2453 3544 2615 3606 fuerit

459 3649 835 3726 desponsata,
884 3660 945 3708 et
976 3648 1058 3708 de
1097 3650 1200 3709 viis
1238 3649 1508 3730 publicis,
1591 3649 1764 3727 Tum,
1805 3648 1854 3707 si
1897 3646 2022 3725 quis
2065 3646 2364 3724 adoptare
2373 3638 2613 3700 voluerit

456 3739 655 3811 filium,
684 3739 733 3798 is
762 3760 955 3800 coram
981 3741 1213 3820 regibus
1239 3741 1302 3800 id
1336 3743 1550 3808 facere
1561 3751 1802 3801 tenetur.
1891 3737 2180 3798 Adsident
2185 3755 2376 3818 reges
2403 3732 2609 3792 delibe-

458 3830 715 3892 rantibus
735 3833 1114 3905 senatoribuS,
1141 3833 1238 3911 qui
1264 3844 1399 3893 sunt
1427 3853 1664 3892 numero
1691 3830 2147 3908 duodetriginta.
2189 3827 2350 3906 quod
2378 3825 2425 3884 si
2449 3825 2510 3893 in
2533 3839 2613 3880 se·

452 3933 651 3982 natum
679 3943 795 3982 non
820 3924 1080 4002 veniunt,
1110 3923 1170 3982 hi
1198 3944 1269 3983 ex
1300 3923 1656 3987 senatoribus
1680 3923 1778 4002 qui
1812 3921 2075 4002 proxime
2115 3918 2242 3978 illos
2279 3916 2608 3995 cognatione

450 4013 771 4093 adtingunt,
798 4035 999 4094 regum
1032 4017 1248 4076 habent
1272 4017 1541 4090 honores,
1571 4027 1629 4076 et
1655 4015 1774 4074 duo
1801 4013 2073 4092 suffragia
2109 4011 2432 4108 conferunt,
2470 4004 2606 4086 prsi-

448 4114 719 4184 tereaque
745 4101 989 4180 tertium,
1018 4127 1187 4167 suum
1216 4106 1487 4192 ipsorum.

524 4203 623 4259 58.
665 4200 792 4258 Ista
822 4200 995 4279 igitur
1035 4199 1357 4260 viventibus
1395 4201 1612 4278 regibus
1652 4199 1938 4278 Spartanis
1980 4197 2210 4277 publice
2254 4194 2600 4273 tribuuntur·

322 4303 327 4320 ¹
424 4285 683 4350 -mortuis
708 4310 866 4364 vero,
893 4290 1113 4351 haecce.
1196 4291 1494 4352 Nunciant
1519 4293 1744 4371 equites
1771 4293 1973 4349 obitum
1998 4291 2146 4368 regis
2165 4307 2269 4368 per
2289 4285 2598 4345 universam

446 4373 883 4457 Laconicam;
868 4403 943 4466 ιιι-
970 4383 1111 4444 urbe
1138 4403 1277 4444 vero
1304 4383 1728 4450 circumeuntes
1768 4382 2034 4451 mulieres
2073 4381 2329 4442 lebetem
2351 4376 2592 4470 pulsent·
