2817 4792
399 256 487 319 90
1004 251 1452 323 HERODOTI
1495 254 1832 319 HISTOR.
1878 252 1957 316 11.

345 454 354 467 ἡ
399 404 536 461 quae
562 383 720 463 apud
746 383 984 448 Graecos
1008 404 1023 439 ι
1060 386 1249 447 forent
1276 386 1427 450 enim
1446 386 1675 465 reliquis
1704 386 2048 453 Graecorum
2073 385 2323 451 moribus
2343 386 2573 453 institua

396 474 594 553 tisque
621 475 955 544 conformia,
983 496 1092 538 nec
1117 497 1322 537 recens
1356 478 1720 541 introducta:
1762 497 1875 537 nec
1899 494 2038 537 vero
2064 492 2260 537 rursus
2288 476 2501 547 dicam,
2532 496 2572 535 a

405 566 638 627 Graecis
676 567 972 653 accepisse
1001 569 1300 648 AEgyptios
1339 570 1461 629 sive
1504 570 1635 640 hoe,
1672 570 1791 629 sive
1834 569 1991 629 aliud
2018 569 2197 627 ullum
2222 568 2572 637 institutum..
2650 560 2661 564 ’

415 658 738 736 Accepisse
765 669 956 718 autem
986 659 1314 739 Melampus
1355 662 1502 747 hoec,
1530 681 1661 739 quae
1686 662 1763 721 ad
1788 660 2010 721 Bacchi
2032 660 2253 729 cultum
2274 670 2572 739 spectant,

407 752 657 815 maxime
677 770 714 811 a
739 751 962 811 Cadmo
989 752 1168 832 Tyrio
1187 753 1328 812 mihi
1346 753 1615 824 videtur,
1622 764 1683 814 et
1702 755 1778 813 ab
1801 754 1889 813 his
1918 754 2015 833 qui
2043 774 2175 813 cum
2196 774 2269 813 eo
2296 772 2369 814 ex
2396 753 2574 812 Phoe-

409 842 561 903 nicia
575 843 641 901 in
662 844 811 903 hanc
829 836 1060 916 'teri-am,
1079 865 1208 949 quse
1235 866 1390 905 nunc
1419 836 1645 905 Boeotia
1669 857 1927 918 vocatur,
1954 846 2327 911 advenerant.
2432 844 2450 853 ”

410 982 418 993 .
487 942 591 996 50.
631 936 937 996 Enimvero
963 936 1168 997 omnia
1185 937 1604 1017 propemodum
1650 939 1865 1000 deorum
1906 940 2116 997 nomina
2144 957 2209 995 ex
2238 935 2523 1013 AEgypto
2506 955 2577 992 ιιι

407 1026 697 1087 Graeciam
746 1038 1150 1106 pervenerunt.
1233 1028 1406 1104 Nam,
1438 1048 1484 1089 a
1520 1030 1777 1089 barbaris
1818 1028 2141 1097 advenisse,
2178 1013 2577 1106 perquirendi

413 1130 766 1198 compertum
786 1120 1004 1179 habeo:
1048 1132 1192 1199 puto
1217 1131 1432 1200 autem,
1462 1140 1539 1181 ex
1571 1122 1826 1225 AEgypto
1866 1120 2111 1182 maxime
2135 1118 2317 1179 fuisse
2350 1118 2571 1205 adlata.

411 1208 646 1269 Etenim
671 1211 720 1271 si
747 1211 1090 1290 Neptunum
1109 1221 1169 1270 et
1207 1210 1525 1271 Dioscuros
1550 1212 1821 1291 excipias,
1846 1222 1913 1269 ut
1944 1216 2065 1287 jam
2098 1222 2241 1273 ante
2278 1209 2418 1281 dixi,
2445 1220 2585 1275 tum

415 1302 456 1361 J
461 1321 723 1374 unonem,
755 1303 1020 1374 Vestam,
1065 1302 1411 1375 Themitem,
1454 1304 1718 1385 Charitas
1760 1315 1821 1363 et
1861 1303 2180 1371 Nereidas3
2220 1300 2581 1379 reliquorum

414 1390 652 1451 deorum
672 1394 924 1453 omnium
946 1394 1174 1476 nomina
1192 1396 1264 1455 ab
1287 1395 1443 1455 omni
1462 1406 1615 1459 retro
1633 1406 1888 1473 tempore
1910 1395 1969 1453 in
1992 1395 2257 1474 AEgypto
2277 1393 2575 1453 exstitere

416 1482 577 1544 Dico
595 1496 798 1545 autem
812 1506 943 1565 quae
972 1486 1208 1548 dicunt'
1193 1486 1298 1565 ipsi
1327 1488 1600 1565 AEgyptii.
1680 1490 1941 1553 Quorum
1970 1505 2105 1550 vero
2132 1485 2423 1545 deorum‘
2405 1478 2585 1563 ιειιοὲ

413 1595 542 1635 rare
569 1596 632 1636 se
667 1576 898 1638 nomina
923 1578 1104 1647 aiunt,
1127 1578 1217 1637 his
1243 1578 1380 1637 mihi
1407 1578 1671 1639 videntur
1698 1578 1931 1656 Pelasgi
1958 1578 2185 1637 nomina
2210 1577 2581 1655 imposuisse,

415 1678 664 1747 excepto
705 1668 1013 1747 Neptuno:
1055 1670 1230 1747 hujus
1268 1681 1460 1732 autem
1502 1670 1597 1729 dei
1634 1669 1841 1729 notitia
1878 1688 1953 1728 ex
1990 1669 2181 1749 Libya
2219 1670 2297 1728 ad
2324 1670 2589 1735 Graecos,

409 1759 703 1839 pervenit.
739 1760 934 1821 nullus
957 1760 1108 1819 enim
1137 1760 1402 1841 populus,
1426 1772 1637 1840 praeter
1659 1760 1895 1840 Libyes,
1921 1760 2179 1839 Neptuni
2198 1761 2336 1819 olim
2352 1780 2588 1850 ηοωεηῖ

411 1852 618 1914 habuit
673 1852 912 1932 Libyes
926 1870 1064 1913 vero
1103 1853 1274 1913 deum
1315 1854 1471 1915 hunc
1508 1864 1789 1932 perpetuo
1832 1852 2151 1913 coluerunt.
2161 1854 2171 1865 '
2233 1852 2415 1949 Porro
2460 1842 2589 1921 nec]

413 1943 646 2004 Heroas
667 1943 786 2003 ullo
816 1928 976 2003 cultu
1005 1954 1429 2028 prosequuntur
1457 1944 1739 2029 AEgyptii.
1820 1944 1829 1959 ‘

491 2040 592 2095 51.
633 2034 754 2093 Ista
767 2034 974 2111 igitur,
1003 2054 1134 2116 quse
1175 2034 1310 2113 dm,
1342 2044 1402 2093 et
1439 2046 1723 2113 praeterea
1765 2035 1899 2105 alia,
1940 2036 2017 2095 de
2056 2036 2263 2113 quibus
2306 2034 2589 2096 dicturus*

411 2144 559 2195 sum,
586 2126 658 2183 ab
687 2124 980 2205 AEgyptils
1009 2136 1358 2203 acceperunt
1389 2126 1603 2187 Graeci.
1684 2126 1856 2195 Quod
1882 2146 2019 2187 vero
2050 2127 2333 2193 Mercurii
2363 2126 2591 2205 imagi-

341 2256 350 2265 «
411 2235 516 2279 nes
541 2216 761 2278 faciunt
788 2226 982 2276 erecta
1019 2216 1306 2295 pudenda
1323 2218 1625 2290 habentes,
1666 2219 1727 2277 id
1764 2238 1879 2277 ιιοιι
1919 2219 1993 2277 ab
2024 2218 2308 2322 AEgyptiis
2355 2219 2577 2279 didice-

413 2318 584 2377 runt;
625 2308 731 2367 sed
757 2327 794 2367 a
819 2307 1079 2385 Pelasgis
1111 2314 1460 2388 acceperunt
1483 2309 1648 2388 primi
1677 2309 2017 2370 Graecorum
2043 2310 2292 2369 omnium
2322 2310 2593 2386 Atheni-

417 2420 603 2471 enses,
629 2420 700 2461 ac
730 2400 943 2461 deinde
979 2402 1053 2462 ab
1080 2399 1169 2459 his
1197 2402 1408 2463 caeteri.
1494 2402 1647 2461 Nam
1674 2422 1807 2463 cum
1833 2402 2294 2471 Atheniensibus,
2322 2403 2421 2481 qui
2452 2408 2581 2477 jam

414 2500 536 2553 tum
565 2484 912 2553 Hellenibus
938 2494 1415 2564 accensebantur,
1446 2493 1653 2554 simul'
1637 2513 1696 2551 m
1724 2494 1929 2559 eadem
1967 2494 2205 2571 regione
2242 2492 2594 2563 habitabant

418 2582 684 2661 Pelasgi·
668 2623 686 2653 ,
724 2584 902 2663 unde.
922 2584 1118 2646 etiam
1133 2583 1240 2662 ipsi
1275 2594 1576 2663 coeperunt
1614 2584 1675 2642 in
1716 2584 2033 2654 Hellenum
2074 2604 2315 2644 numero
2354 2584 2583 2644 haberi.

419 2674 688 2753 Quisquis
723 2673 1005 2753 mysteriis
1035 2675 1374 2738 Cabitorum
1416 2676 1665 2755 initiatus
1694 2686 1803 2745 est,
1833 2696 1961 2755 quae
1994 2676 2397 2735 Samothraces
2424 2670 2603 2757 cele·v

415 2765 607 2837 brant,
633 2764 683 2845 is
709 2765 874 2829 novit.
890 2764 1030 2843 ,quid
1049 2765 1122 2827 sit
1139 2766 1319 2843 quod,
1333 2765 1513 2825 diem·
1564 2766 2026 2836 Samothraciam
2052 2767 2203 2825 enirn
2230 2767 2389 2845 prius
2414 2768 2603 2849 ineo-2

415 2858 646 2917 luerent
669 2858 731 2915 hi
756 2857 1006 2936 Pelasgi,
1045 2856 1303 2935 quicum
1333 2858 1787 2933 Atheniensibus
1824 2852 2221 2927 habitaverunt
2241 2883 2275 2930 ε,
2299 2870 2360 2918 et
2386 2860 2461 2932 ab
2486 2860 2599 2931 his,

423 2950 830 3014 Samothraces
869 2950 1142 3034 'mysteria
1179 2961 1549 3029 acceperunt.
1608 2951 1819 3028 igitur
1858 2952 2141 3021 Mercurii
2168 2952 2447 3029 imagines
2472 2974 2604 3032 9¹¹1.

423 3043 630 3104 (lendis
669 3042 877 3103 erectis
917 3043 1082 3122 primi
1122 3043 1455 3104 Graecorum
1496 3043 1880 3117 Athenienses
1920 3044 2204 3116 fecerunt,
2242 3065 2278 3116 a
2319 3044 2601 3123 Pelasgis¹⁴

425 3134 638 3196 edocti.
683 3134 918 3213 Pelasgi
931 3154 1069 3195 vero
1097 3138 1220 3214 ejus
1243 3136 1326 3195 rei
1345 3154 1567 3199 sacram
1588 3134 1893 3212 quamdam
1916 3136 2193 3206 rationem
2216 3134 2583 3208 adferebant,
2594 3129 2603 3138 ἰ
2632 3164 2641 3169 ·

427 3245 557 3304 quse
583 3226 641 3285 in
671 3226 1116 3289 Samothracicis
1148 3227 1432 3306 mysteriis
1461 3226 1792 3307 explicatur.
2596 3228 2604 3236 '

511 3324 611 3379 52.
655 3318 948 3381 Sacrificia
973 3330 1162 3379 autem
1189 3320 1376 3381 omnia
1402 3320 1537 3382 olim
1562 3319 1915 3397 peragebant
1936 3290 2163 3395 Pelasgi
2187 3319 2329 3379 deos
2350 3339 2594 3397 precan-

368 3475 376 3481 ι
435 3421 544 3480 tes,
587 3419 650 3467 ut
689 3428 801 3487 ego
834 3410 1110 3474 Dodonae
1147 3412 1284 3473 mihi
1323 3411 1679 3471 adfirmatum
1720 3410 2000 3489 cognovi·
2052 3410 2161 3469 sed
2198 3423 2619 3491 cognomentos

437 3514 538 3561 aut
563 3501 790 3569 nomine
811 3500 1029 3565 nullutn
1051 3522 1250 3567 eorum
1271 3502 1723 3581 compellabantg
1763 3522 1873 3561 nec
1894 3502 2031 3561 dum
2051 3502 2204 3561 enim
2226 3502 2592 3577 audiverant.

445 3594 641 3669 Sdum
669 3593 819 3651 Deos
843 3577 1225 3671 adpellabant,
1253 3593 1438 3673 (θεοὺς
1460 3615 1495 3655 a
1515 3596 1695 3653 verbo
1722 3592 1926 3667 ιθεῖναι,
1947 3592 2186 3675 ponem)
2215 3614 2274 3651 eo
2300 3595 2443 3679 quod
2478 3615 2613 3675 orn--

442 3704 536 3745 nes
561 3705 646 3743 res
673 3685 860 3743 ordine
877 3686 1195 3762 posuissent,
1225 3707 1287 3744 ac
1307 3686 1720 3745 distribuissent.
1764 3685 1997 3756 Deinde
2019 3683 2387 3753 ve10‚multo
2415 3685 2623 3767 inter-b

439 3780 606 3855 jecto
629 3788 906 3855 tempore,
947 3776 1268 3843 didicerunt
1295 3795 1369 3836 ex
1395 3778 1655 3855 AEgypto
1673 3775 1866 3851 adlata
1889 3776 2129 3849 aliorum
2151 3775 2389 3834 deorum
2410 3778 2603 3851 nomi-

445 3886 554 3937 na3
593 3868 814 3931 Bacchi
839 3887 974 3928 vero
1003 3886 1212 3933 nomen
1247 3860 1422 3926 multo
1448 3880 1581 3971 post
1605 3877 2017 3945 cognoverunt.
2099 3846 2405 3944 Aliquanto
2425 3879 2614 3947 post„

446 3960 754 4021 Dodouam
778 3960 1072 4028 miserunt,
1104 3958 1304 4017 horum
1332 3959 1623 4025 nominum
1650 3977 1851 4031 caussa
1876 3958 2171 4017 oraculum
2190 3958 2598 4022 consulentes,
2580 4007 2613 4037 ,Δ

447 4060 536 4123 est
561 4050 713 4109 enim
733 4050 1182 4137 antiquissimum
1210 4049 1433 4117 Graecis
1462 4049 1769 4125 oraculum
1781 4048 1897 4123 hoc
1935 4046 2329 4125 constitutum,
2367 4060 2429 4109 et
2452 4064 2620 4130 tunc·

449 4140 734 4229 temporis
745 4142 962 4219 nullum
987 4141 1145 4201 aliud
1169 4146 1378 4219 praeter
1401 4141 1533 4201 hoc·
1542 4152 1687 4201 erat.
1770 4141 2215 4217 consulentibus
2254 4136 2430 4219 igitur
2454 4142 2633 4223 Do<-

455 4236 624 4295 donae
651 4220 946 4298 oraculum
987 4232 1266 4312 PelasgiS,
1309 4254 1380 4291 an
1424 4234 1632 4292 nomina
1674 4235 2001 4311 susciperent
2028 4234 2263 4309 deorum,
2293 4253 2329 4292 a
2354 4234 2605 4292 barbaris

457 4329 683 4387 adlata?
721 4328 915 4394 datum
943 4336 1029 4405 est
1057 4341 1423 4419 responsum,
1450 4323 1753 4385 Uter-entur
1776 4326 1937 4385 illis.
1986 4312 2076 4386 Ab
2112 4326 2227 4387 hoc
2251 4325 2425 4405 igitur
2452 4308 2631 4405 tem-J
