2817 4792
480 283 601 342 sss
1075 285 1896 352 ansonem-mma.
1933 291 2041 352 ιν.
2143 255 2153 262 ’
2205 280 2210 288 ’

406 439 415 446 ·
488 413 667 484 ἀειιιι
711 431 915 494 corpus
940 433 1079 477 vero
1102 417 1275 480 minio
1312 419 1577 500 tingunt.
1623 420 1892 500 aiuntque
1929 439 1994 481 se
2017 421 2079 480 hi
2105 439 2180 481 ex
2217 421 2466 498 TroJanis
2483 423 2598 482 viris

488 525 617 567 ease
644 505 934 567 oriundos.
1014 509 1207 589 Regio
1230 511 1356 572 hec
1382 524 1596 583 autem,
1627 524 1688 575 et
1713 513 1932 592 reliqua
1957 531 2088 592 pars
2112 513 2330 593 Libye
2363 515 2598 574 occiden-

488 601 2268 685 temspecnnsmultofreqaentiorestfiriesylvisqoequam
2303 605 2598 664 Nomadum

486 690 666 769 regio.
745 690 897 750 Nam
920 692 1207 754 orientalis
1231 695 1438 784 Libyn
1453 705 1694 768 metus,
1715 715 1888 776 quem
1909 695 2206 756 Nomades
2225 697 2486 767 incolunt,
2501 697 2598 754 hu-

487 782 637 843 milis
656 793 746 850 est
770 795 833 844 et
856 779 1146 859 arenosus,
1170 805 1353 892 usque
1377 789 1457 848 ad
1481 789 1778 850 Tritonem
1803 788 2072 846 fluvium·
2110 788 2208 867 qui
2227 805 2364 848 vero
2397 787 2518 847 hine
2535 787 2600 845 ad

486 873 841 946 occidentem
864 877 1073 957 vergit,
1104 877 1203 957 qui
1239 881 1620 958 agricolarum
1655 889 1762 950 est,
1789 879 1838 938 is
1873 890 2174 940 montanus
2213 881 2604 952 admodum5et

485 985 837 1040 nemorosus,
864 979 928 1029 et
948 969 1085 1029 feris
1106 970 1307 1032 bestiis
1332 971 1623 1051 frequens.
1705 972 1856 1030 Sunt
1873 971 2026 1030 enim
2051 971 2172 1030 ibi
2154 973 2386 1031 immani
2409 971 2633 1049 magni-

480 1059 679 1120 tudine
702 1072 1017 1139 serpentes,
1036 1073 1170 1121 sunt
1184 1062 1401 1124 ibidem
1420 1065 1638 1136 leones,
1657 1073 1720 1124 et
1739 1061 2046 1142 elephanti,
2071 1073 2132 1122 et
2149 1063 2281 1134 ursi,
2303 1074 2365 1122 et
2381 1063 2606 1169 aspides,

486 1161 549 1210 et
588 1148 731 1210 'asini
756 1152 1011 1212 cornuti:
1052 1164 1187 1212 sunt
1224 1154 1365 1214 item
1390 1155 1788 1235 cynocephali,
1817 1165 1880 1214 et
1916 1154 2177 1234 acephali
2205 1155 2406 1215 oculos
2443 1156 2503 1212 in
2521 1173 2612 1233 pe-

484 1253 645 1302 ctore
660 1241 959 1314 habentes,
985 1253 1049 1301 ut
1075 1245 1309 1322 quidem
1334 1245 1554 1324 Libyes
1579 1245 1902 1326 perhibent,
1925 1255 1986 1304 et
2009 1245 2117 1304 feri
2137 1245 2256 1316 viri,
2273 1245 2614 1324 foeminssque

484 1333 663 1401 feroe,
646 1353 663 1368 ·
702 1331 949 1412 denique
972 1353 1215 1410 magnus
1236 1353 1534 1396 numerus*
1549 1337 1788 1397 alierum
1826 1336 2154 1404 bestiarum,
2182 1355 2312 1414 quse
2351 1355 2465 1396 non
2499 1349 2618 1397 sunt

486 1423 777 1484 fabulose.
826 1445 831 1452 ·

494 1547 501 1554 ·
568 1521 703 1580 192.
746 1517 812 1576 In
840 1515 1169 1590 Nomadum
1194 1539 1333 1580 vero
1358 1522 1594 1599 regione
1620 1520 1758 1580 nihil
1785 1522 2009 1592 horum,
2055 1519 2160 1582 sed
2201 1518 2313 1579 alia
2349 1521 2622 1578 bestiarum

478 1629 679 1690 genera
702 1609 939 1670 hacce:
978 1596 1241 1690 pygargi,
1268 1612 1377 1691 [de
1401 1631 1618 1690 genere
1637 1610 2069 1692 αιιιίΙοραι-ιιιιι.]
2101 1611 2401 1680 dorcades,
2422 1611 2626 1681 bubali,

485 1701 653 1773 asini,
682 1720 797 1762 non
830 1702 1053 1762 cornuti
1078 1702 1181 1774 illi,
1212 1703 1321 1762 sed
1338 1704 1436 1762 alii
1459 1703 1679 1783 impoti,
1707 1723 1916 1783 nempe
1941 1704 2040 1782 qui
2078 1722 2194 1762 non
2233 1701 2476 1762 bibunt.
2515 1713 2627 1761 tum

483 1813 672 1875 oryes,
698 1813 939 1873 quorum
964 1813 1039 1852 ex
1058 1795 1323 1854 cornibus
1350 1795 1736 1856 conficiuntur
1763 1795 2110 1872 Punicarum·
2131 1793 2481 1853 cithararum
2506 1795 2632 1853 hra-

483 1887 645 1957 chia3
670 1886 977 1956 bovisfere
992 1887 1387 1965 magnitudine
1406 1887 1623 1957 bestia3
1659 1897 1788 1946 sunt
1803 1887 1940 1964 item
1957 1886 2223 1956 bassaris,
2251 1883 2362 1964 [de
2379 1885 2634 1964 vulpium

484 1977 751 2059 genere,]
794 1976 1033 2057 hyoenae,
1058 1978 1355 2058 hystrices,
1392 1977 1502 2038 feri
1539 1979 1764 2048 arietes,
1805 1978 2047 2058 dictyes‚
2087 1977 2275 2046 thoes,
2303 1977 2632 2054 pantheres,

482 2070 719 2148 boryes,
736 2068 1015 2128 crocodili
1030 2078 1329 2128 terrestres
1340 2069 1714 2140 tricubitales‚
1725 2069 1950 2128 lacertis
1963 2067 2249 2137 simillimi,
2269 2067 2636 2136 struthiones,

408 2151 413 2156 ¹
482 2171 779 2240 serpentes
799 2161 988 2241 pusilli
1015 2160 1251 2238 singulis
1278 2161 1548 2221 cornibus
1573 2160 1854 2222 instructi.
1936 2161 2016 2222 Et
2035 2161 2128 2220 hae
2153 2160 2232 2218 ibi
2249 2160 2456 2219 bestiae
2481 2171 2634 2230 sunt,

482 2263 545 2312 et
571 2253 695 2312 alioe
722 2271 851 2331 quoe
876 2252 1017 2312 item
1036 2252 1190 2324 alibi,
1219 2273 1391 2313 cervo
1420 2265 1483 2314 et
1502 2272 1641 2334 apro
1661 2253 1962 2333 exceptis.
1945 2277 1961 2293 ·
1997 2271 2200 2314 cervus
2219 2251 2372 2313 enim
2399 2263 2464 2310 et
2495 2271 2638 2332 aper

444 2337 451 2342 ’
482 2343 542 2403 in
572 2337 775 2404 Africa
792 2344 1024 2405 omnino
1042 2344 1231 2405 nullus
1248 2345 1554 2427 reperitur.
1637 2346 1784 2406 Sunt
1809 2355 2000 2406 nutem
2025 2345 2239 2405 ibidem
2259 2344 2507 2404 murium
2527 2345 2634 2404 tria

485 2456 732 2516 genera;
772 2457 949 2498 unum
988 2455 1183 2497 earum
1215 2457 1345 2516 quse
1372 2439 1582 2516 bipedes
1601 2447 1913 2499 vocantur·
1951 2437 2082 2498 sliae
2123 2437 2377 2517 teger-ies,
2406 2435 2634 2516 Libyco

483 2528 713 2588 nomine
739 2527 891 2607 quod
921 2529 1132 2588 Graeca
1172 2529 1371 2608 lingua
1407 2532 1566 2590 colles
1605 2529 1920 2609 significat:
1968 2528 2200 2588 tertium
2239 2545 2448 2606 genus,
2477 2527 2632 2588 echi·

483 2637 642 2681 nees.
724 2620 871 2680 Sunt
888 2621 1059 2680 etiam
1084 2623 1363 2694 mustelae,
1388 2641 1518 2700 quoe
1543 2622 1602 2682 in
1629 2620 1836 2704 silphio
1869 2631 2200 2690 nascuntur,
2229 2618 2538 2679 Tartessiis
2563 2619 2632 2678 si-

484 2711 751 2772 millimoe.
832 2713 950 2772 Tot
982 2713 1294 2774 bestiarum
1320 2733 1539 2794 genera
1565 2714 1740 2774 habet
1765 2714 1896 2773 hoec
1923 2711 2252 2773 Nomadum
2277 2711 2630 2791 Libycorum

478 2803 665 2882 regio,
690 2805 883 2883 quoad
908 2825 1012 2866 nos
1030 2805 1357 2886 longissime
1382 2806 1812 2886 percunctando
1834 2805 2156 2885 comperire
2183 2804 2492 2884 potuimus.

567 2901 698 2958 193.
745 2899 1026 2978 Maxyum
1066 2898 1331 2960 Afrorum
1370 2898 1594 2958 finitimi
1635 2899 1867 2958 Zaueces
1901 2908 2069 2958 sunt:
2119 2897 2326 2976 quibus
2367 2897 2628 2956 mulieres

482 2987 739 3068 plaustra
762 2990 1109 3069 aurigantur,
1133 2991 1193 3051 in
1218 2992 1434 3051 bellum
1456 2990 1965 3074 proficiscentibus.

562 3085 697 3142 194.
742 3081 855 3141 His
894 3083 1145 3162 contigui
1180 3095 1315 3144 sunt
1354 3083 1629 3160 Gyzantes
1646 3105 1665 3140 .-
1725 3083 1884 3162 apud
1921 3100 2068 3161 quos
2105 3080 2409 3160 plurimum
2449 3081 2628 3141 mellis

480 3184 685 3253 parant
707 3192 880 3253 apes:
923 3175 1104 3234 multo
1124 3194 1261 3237 vero
1285 3177 1471 3252 major
1492 3175 1661 3255 copie
1679 3185 1914 3252 paretur
1931 3170 2226 3234 hominurn
2245 3172 2508 3232 artificio.
2551 3171 2628 3230 Hi

484 3265 681 3332 omnes
718 3266 891 3324 minio
931 3267 1276 3346 pinguntur-3
1310 3279 1738 3345 vescunturque
1777 3266 1970 3339 simiis,
2005 3283 2246 3344 quarum
2283 3263 2628 3324 incredibilis

486 3355 655 3434 copia
678 3355 739 3414 in
762 3376 958 3416 eorum
986 3359 1276 3418 montibus
1302 3360 1572 3420 nascitur.

567 3451 700 3507 195.
744 3447 933 3528 Prope
953 3449 1155 3508 horum
1172 3450 1487 3528 regionem,
1503 3450 1662 3509 aiunt
1681 3448 2208 3530 Carthaginienses,
2221 3447 2480 3508 insulam
2475 3465 2624 3520 ·‚esse

484 3536 578 3600 cui
602 3557 811 3598 nornen
838 3541 1143 3620 Cyraunis,
1171 3543 1553 3604 ducentorum
1577 3542 1890 3604 stadiorum
1924 3541 2306 3621 longitudine,
2330 3540 2627 3604 latitudine

420 3625 427 3632 ’
482 3623 715 3702 arctam,
744 3631 801 3689 in
830 3651 998 3720 quarn
1024 3634 1247 3694 transiri
1274 3654 1309 3694 ε
1334 3625 1646 3695 continenti
1680 3635 1898 3714 possit:
1939 3653 2069 3694 esse
2093 3644 2292 3694 autem
2327 3651 2456 3694 eam
2493 3631 2628 3692 oleis

482 3732 545 3780 et
564 3719 771 3782 vitibus
795 3715 1087 3785 refertam.
1168 3726 1368 3788 Esse'
1352 3747 1414 3786 ιιι
1441 3726 1650 3787 eadem-
1681 3727 1893 3798 lacum,
1923 3746 1958 3786 e
1985 3745 2104 3806 quo
2127 3724 2377 3805 virgines
2413 3725 2627 3804 indige-

481 3831 573 3872 nae
598 3814 801 3892 pennis
822 3815 1137 3876 volucrium
1163 3818 1299 3897 pice
1317 3818 1474 3878 illitis
1491 3827 1751 3888 ,ramenta
1775 3818 1902 3878 auri
1929 3837 2007 3878 ex
2026 3817 2164 3877 limo
2182 3818 2454 3879 referant.
2495 3817 2627 3877 Hoc

481 3905 713 3984 quidem
739 3927 813 3968 an
838 3927 973 3968 vere
996 3907 1077 3968 ita
1101 3911 1175 3971 sit
1200 3911 1432 3972 nescio.
1415 3932 1431 3947 ·
1475 3911 1668 3970 scribo
1691 3919 1886 3970 autem
1915 3931 2047 3990 quse
2071 3921 2393 3972 narrantur.
2437 3907 2625 3990 Fuerit

481 3997 677 4058 au'tem
702 4000 932 4060 omnino
941 4019 1190 4074 verum3
1229 3999 1695 4081 quandoquidem
1729 4002 1905 4064 etiam
1929 3999 2217 4081 Zacynthi
2243 4021 2279 4060 e
2303 4001 2438 4060 lacu
2463 3985 2522 4058 et
2553 4017 2624 4057 ex

481 4109 630 4168 aqua
652 4091 846 4170 colligi
867 4093 1056 4172 picem
1080 4093 1204 4173 ipse
1224 4092 1356 4152 vidi.
1442 4093 1588 4154 Sunt
1611 4093 1691 4151 ibi
1714 4092 1874 4158 lacus
1895 4091 2126 4172 quidem
2148 4093 2364 4172 plures,
2387 4107 2624 4169 quornm

480 4183 760 4246 maximus
800 4195 887 4245 est
924 4186 1287 4265 septuaginta
1324 4186 1540 4265 pedum
1575 4203 2046 4265 quaquaversum,
2071 4183 2381 4244 duodecim
2413 4179 2622 4262 pedum

416 4267 443 4276 ”
480 4255 813 4340 altitudine·
862 4279 923 4338 in
946 4279 1103 4340 hunc
1143 4279 1452 4339 demittunt
1491 4289 1751 4349 contum,
1793 4282 1956 4356 cujus
2000 4278 2062 4338 in
2107 4287 2375 4338 extremo
2405 4282 2621 4353 myrtus

418 4365 429 4460 J
479 4371 709 4512 alligata
731 4376 853 4444 est}
889 4371 1005 4434 hac
1026 4382 1217 4452 myrto
1230 4373 1490 4436 educunt
1515 4372 1718 4476 picem,
1737 4389 1870 4450 quae
1897 4371 2134 4434 odorem
2159 4369 2340 4430 hahet
2355 4364 2618 4446 asphalti,
