2817 4792
1090 320 1439 382 THALIA.
1730 306 1737 323 ²
2238 314 2353 391 1‘7'7

139 432 314 518 Quo'
335 434 518 510 verbo
545 444 868 510 delectatus
885 436 1118 522 D'arius,
1145 451 1221 510 ad
1243 456 1453 512 uxores
1480 448 1610 535 suas
1628 458 1760 513 eu'm
1786 444 2111 533 ablegavit3
2138 446 2345 533 quib-'s

145 543 454 614 eunuchi,
483 546 620 603 euni
646 542 1052 622 producentes,
1080 542 1372 616 dicebant,
1399 564 1513 603 esse
1536 547 1668 605 hunc
1695 547 1788 623 q'm'
1826 544 1995 604 uitam
2020 546 2145 623 regi
2166 546 2347 605 reddi-

148 636 362 695 disset.
433 630 516 693 Et·
535 652 730 693 earum
749 635 1129 715 unaquaeque,
1159 634 1352 713 phiala
1367 635 1615 715 [aurum
1652 654 1685 695 e
1716 635 1889 717 cista]
1916 635 2203 707 hauriens,
2224 640 2349 695 tam

141 726 340 805 =lai-gii
365 727 490 785 auri
519 744 760 785 munere
797 724 970 785 simul'
1001 744 1131 784 cum
1159 725 1331 785 theca
1359 726 1529 807 [cum
1555 728 1679 807 ipsa
1702 726 1929 809 phiala]
1958 726 2344 787 Democeden

151 819 438 888 donavit,
468 829 535 876 ut
560 816 827 888 famulus,
860 818 958 895 qui
985 836 1115 875 eum
1133 818 1498 895 sequebatur,
1528 818 1619 877 cui
1646 838 1855 878 nornen
1875 830 1997 877 erat
2022 818 2243 891 Sciton,
2271 838 2347 878 ex

151 904 454 971 subrectis
484 910 793 969 stateribus
833 911 932 988 qui
970 909 1277 988 de'phialis
1314 910 1375 968 in
1411 916 1624 971 terram
1656 911 2011 983 deciderant,
2050 912 2347 990 ingentem

141 1004 301 1063 anri
330 1002 450 1062 vim
479 1002 586 1063 sibi
613 1000 930 1081 collegerit.

246 1100 400 1155 131.
442 1094 815 1155 D'emocedes
847 1092 955 1153 hic
973 1093 1076 1155 tali
1111 1093 1355 1167 ratione,
1377 1092 1577 1175 relicta
1614 1092 1887 1185 Crotone,
1930 1094 1992 1153 in
2019 1091 2345 1175 Polycratis

143 1188 526 1268 pervenerat
551 1184 1014 1247 familiaritatem.
1096 1184 1354 1249 Crotone
1379 1180 1747 1267 premebatur
1774 1207 1811 1247 a
1849 1196 2013 1267 patre
2047 1186 2261 1248 difficili
2288 1180 2347 1248 et

155 1279 500 1340 iracundo.
541 1286 712 1359 quem
741 1280 918 1359 quum
957 1277 1112 1339 ferre
1147 1299 1263 1339 non
1305 1290 1523 1377 posset,
1549 1279 1753 1339 relicto
1795 1295 1867 1339 eo
1897 1278 2163 1359 AEginam
2190 1278 2347 1343 abiit.

158 1370 264 1431 Ibi
291 1390 478 1451 quum
503 1370 700 1430 sedem
728 1390 888 1430 suam
915 1372 1156 1444 fixisset,
1183 1370 1369 1451 primo
1393 1390 1545 1432 anno
1584 1370 1879 1451 primarios
1905 1372 2198 1452 superavit
2223 1364 2347 1432 me-

160 1464 364 1535 dicosr,
399 1463 716 1541 imparatus
739 1460 901 1534 licet,
947 1474 1009 1523 et
1049 1463 1445 1524 instrumentis
1492 1464 1755 1525 omnibus
1796 1484 1999 1525 carens
2036 1465 2243 1545 quibus
2268 1462 2348 1525 ad

160 1574 306 1614 eam
325 1565 515 1614 artem
543 1552 924 1613 exercendam
947 1553 1124 1634 vulgo
1150 1564 1407 1635 utuntur.
1488 1554 1692 1634 Itaque
1719 1555 1975 1616 secundo
2002 1574 2152 1615 anno
2180 1552 2351 1635 AEgi-

157 1658 326 1707 netae
363 1642 594 1725 publice
636 1664 767 1705 eum
806 1646 1025 1707 talento
1066 1648 1503 1718 conduxerunt3
1542 1647 1711 1707 tertio
1750 1666 1901 1707 anno
1941 1647 2347 1722 Athenienses,

163 1750 417 1799 centum
445 1738 610 1797 minis
635 1762 652 1807 ς
688 1748 902 1816 quarto'
917 1756 1056 1797 vero
1083 1756 1234 1799 anno
1261 1738 1596 1817 Polycrates
1622 1739 1849 1801 duobus
1874 1738 2123 1799 talentis.
2206 1740 2346 1801 Hoc

162 1829 358 1889 modo
398 1829 632 1888 Samum
671 1840 930 1892 venerat.
1010 1828 1097 1890 Et
1135 1828 1274 1890 inde
1299 1828 1372 1890 ab
1399 1830 1513 1889 hoc
1536 1829 1659 1890 viro
1684 1830 1931 1890 maxime
1956 1831 2347 1891 inclaruerunt

169 1920 519 1981 Crotoniatae
544 1922 748 1981 medici.
829 1918 966 1982 Fuit
989 1922 1142 1982 enim
1161 1931 1385 2003 tempus
1403 1923 1580 2003 quum
1601 1915 1852 2003 primarii
1879 1922 1940 1981 in
1960 1920 2200 1983 Groeci'a
2225 1927 2348 1982 me'-

166 2014 293 2073 dici
340 2014 671 2073 dicerentur
711 2028 839 2074 esse
884 2014 1270 2085 Crotoniat'ae3
1321 2020 1461 2075 tum'
1495 2014 1735 2075 secundi
1778 2015 2011 2089 or‘dixiisg
2056 2006 2349 2095 Cy'renaii.

171 2104 298 2165 Per
315 2106 476 2183 idem
501 2118 731 2185 tempus
761 2106 964 2185 Argivi
989 2106 1242 2186 primarii
1267 2106 1421 2167 inter
1445 2106 1685 2167 Graecos
1712 2107 1917 2167 musici
1937 2107 2291 2168 ferebantur.

257 2198 403 2259 132.
448 2197 614 2259 Tunc
636 2218 772 2258 vero
800 2198 1186 2273 Democedes,
1214 2211 1520 2279 postquam
1539 2198 1777 2259 Darium
1797 2200 2139 2281 persanavit,
2170 2198 2347 2259 maxi-

174 2310 333 2371 mam
366 2288 524 2371 Susis
545 2291 776 2349 domum
803 2290 1020 2373 babuit,
1050 2303 1110 2351 et
1137 2292 1289 2371 regis
1312 2292 1423 2351 fuit
1448 2292 1883 2371 commensalis:
1911 2291 2173 2372 denique,
2200 2294 2347 2372 prae‘-

175 2386 442 2461 ter'quam
477 2383 635 2462 quod
671 2382 732 2441 in
759 2382 1262 2444 Graeciam‘redire
1288 2404 1406 2461 non
1446 2384 1628 2456 licuit,
1672 2384 1924 2444 omnium
1960 2402 2153 2445 rerum
2181 2384 2347 2464 copia
2410 2396 2417 2401 '

175 2472 497 2534 adfluebat.
581 2474 744 2534 ldem
772 2470 1086 2561 AEgyptios
1114 2474 1386 2547 medicos,
1433 2470 1533 2556 qui
1571 2493 1769 2554 regem
1801 2471 1959 2555 prius
1985 2476 2342 2548 curaverant,

57 2574 66 2595 ⁶
176 2576 242 2625 et
269 2584 427 2626 nunc
452 2566 513 2625 in
553 2570 626 2627 e‘o
653 2564 818 2626 eran't
841 2573 907 2625 ut
932 2567 1084 2646 regis
1117 2572 1280 2642 jussu
1305 2568 1451 2647 palis
1487 2566 1975 2647 uansflgerentur,
2012 2569 2279 2648 quoniam
2306 2588 2347 2628 a

179 2659 398 2719 Graeco
422 2658 649 2720 medico
675 2647 930 2719 fuissent
944 2661 1217 2739 superati,
1240 2662 1347 2721 hos
1368 2680 1406 2720 a
1405 2680 1563 2751 rege
1587 2662 1929 2741 deprecatus
1950 2662 2342 2723 conservavit.

175 2752 320 2811 item
332 2752 557 2811 Eleum
598 2760 808 2825 vatem,
839 2751 957 2830 qui,
1001 2750 1368 2833 Polycratem
1395 2764 1646 2841 secutus,
1684 2772 1843 2811 nunc
1876 2753 2029 2812 inter
2056 2750 2345 2832 mancipia

181 2845 486 2923 neglectus
508 2844 747 2916 latebat,
773 2845 1049 2941 servitute
1075 2840 1359 2905 liberavit.
1439 2829 1754 2907 Plurimum
1782 2845 1932 2905 enim
1959 2847 2117 2926 apud
2140 2865 2343 2925 regem

181 2936 558 2998 Democedes
594 2934 844 2998 valebat.
1802 2960 1810 2967 ·

263 3032 402 3089 1.ssss
447 3028 629 3088 Haud
654 3048 792 3089 vero
839 3028 923 3089 ita
970 3027 1150 3088 multo
1184 3036 1343 3108 post,
1385 3021 1542 3087 aliud
1588 3018 1907 3107 quidpiam
1916 3028 2069 3087 forte
2110 3026 2342 3088 fortuna

181 3121 396 3181 accidit
421 3120 772 3201 hujusmodi.
833 3122 1106 3192 Atossae,
1135 3119 1275 3201 Cyri
1312 3118 1466 3190 ffliae,
1510 3119 1671 3178 uxori
1698 3118 1879 3190 Darii,
1909 3129 2071 3178 ortus
2109 3129 2233 3179 erat
2279 3120 2342 3179 in

178 3217 431 3273 mamma
472 3221 699 3282 tumor3
736 3212 834 3291 qui
876 3222 1179 3292 postquam
1221 3210 1428 3289 erupit,
1468 3209 1637 3270 latius
1682 3210 1968 3290 serpebat.
2048 3211 2343 3279 Quamdiu

179 3304 364 3365 minor
393 3308 518 3364 erat
538 3314 749 3374 tumor,
778 3305 1106 3363 occultabat
1134 3322 1268 3362 eum
1296 3304 1527 3377 Atossa,
1554 3321 1675 3381 prae
1707 3301 1927 3387 pudore
1954 3302 2168 3362 nemini
2191 3302 2344 3384 indi-

181 3415 360 3457 cans.
390 3397 488 3455 ubi
511 3414 646 3456 vero
662 3400 782 3471 jam
809 3394 960 3455 male
983 3404 1106 3455 erat
1126 3392 1378 3465 adfecta,
1403 3393 1683 3453 accersito
1710 3394 2065 3455 Der‘nocedi
2055 3376 2343 3455 tumorem

180 3482 540 3548 monstravit.
620 3487 701 3546 Et
715 3487 835 3561 ille,
856 3485 1084 3549 sanitati
1103 3504 1167 3546 se
1191 3504 1318 3545 eam
1344 3484 1671 3545 restiturum
1692 3486 1999 3577 professus,
2024 3487 2341 3566 persuadet

180 3582 424 3662 reginae',
438 3570 504 3640 ut
524 3576 856 3665 interposito
873 3575 1292 3656 jurejurando
1275 3575 1385 3656 ipsi
1411 3576 1790 3666 promitteret,
1818 3578 2052 3637 vicissim
2070 3580 2240 3655 ipsam
2260 3578 2341 3636 itti

182 3673 244 3729 in·
265 3694 326 3731 eo
321 3676 492 3750 quod
510 3680 768 3730 oraturus
793 3668 930 3729 esset
953 3668 1114 3770 (nihil
1139 3678 1333 3729 autem
1347 3676 1414 3728 'se
1424 3666 1749 3749 petiturum
1774 3669 2039 3729 adfirmat
2051 3667 2212 3751 quod
2238 3671 2340 3731 de-

184 3764 383 3823 decus
391 3763 618 3824 adferre
629 3762 874 3843 possit)
862 3762 1074 3841 operum
1098 3780 1246 3819 suam
1271 3780 1383 3818 esse
1406 3761 1743 3821 collaturum.

261 3860 401 3939 1345.
439 3854 690 3939 Deinde,
717 3874 892 3935 quum
911 3852 1176 3919 adhibitis
1203 3838 1471 3912 remediis
1499 3872 1696 3913 sanam
1723 3850 2092 3914 Democedes
2116 3852 2338 3934 praesti-
2366 3911 2375 3922 ,

178 3947 372 4019 iisset,
389 3948 514 4038 tum
539 3945 624 4008 ab
648 3948 753 4008 illo
780 3946 988 4008 edocta
1029 3946 1244 4006 Atossa
1265 3943 1355 4005 his
1380 3945 1569 4006 verbis
1608 3945 1871 4018 Darium,
1901 3947 2049 4006 ι1ιιιιι
2076 3936 2335 4007 cubitum

180 4040 344 4121 eunt,
369 4022 652 4101 adlocuta
690 4044 814 4101 est}
857 4037 1125 4111 “Tantis‚
1155 4058 1192 4099 o
1219 4036 1377 4111 Rex,
1418 4058 1597 4118 quum
1636 4038 1713 4099 sis
1751 4036 1963 4099 viribus
2003 4040 2340 4112 instructus,
2356 4099 2360 4105 .

180 4132 398 4191 otiosus
403 4131 629 4204 sedes,
666 4132 780 4193 ne'c
802 4130 1104 4226 populum
1145 4130 1322 4191 ullum
1348 4140 1449 4190 aut
1482 4130 1804 4229 potentiam
1844 4126 2092 4211 adquiris
2118 4132 2334 4192 Persis.

183 4222 446 4333 AEquui'n
455 4226 549 4286 'est
569 4223 792 4298 tamen,
813 4236 880 4286 ιιι
903 4226 990 4301 vir
1016 4226 1076 4287 et
1096 4210 1272 4286 'aetate
1297 4224 1532 4297 florens,
1562 4234 1635 4285 et
1652 4224 1991 4304 magnarum
2027 4244 2204 4304 opum
2231 4224 2339 4285 do-

181 4316 392 4385 minus,
427 4318 660 4427 aliquod
683 4316 912 4381 factum
941 4338 978 4379 a
1003 4338 1068 4378 se
1091 4328 1320 4397 gestum
1354 4317 1644 4389 ostendas,
1670 4334 1786 4395 quo
1826 4316 2021 4376 Persae
2046 4316 2219 4375 etiam
2244 4309 2345 4375 in·-

180 4408 467 4491 teiligant,
484 4430 522 4473 a
541 4406 662 4476 vir‘o
687 4411 923 4493 εει-εει.
1002 4411 1246 4473 Duobus
1275 4421 1468 4471 autem
1490 4408 1676 4472 modis
1700 4407 1806 4471 tibi
1829 4406 1944 4471 hoc
1968 4394 2163 4471 facere
2192 4426 2336 4492 conf

1195 4505 1237 4562 2
1257 4518 1305 4563 A
2084 4540 2088 4544 -
