2817 4792
1204 569 1916 669 ‚HERODOTI

824 761 2288 870 HISTORI'ARUM

901 946 907 952 ⁵
1194 1002 1465 1068 LIBER
1510 1005 1932 1082 QmNTUS.
2153 985 2163 994 “

994 1179 2099 1270 TERPSICHORE.

477 1525 533 1590 1.
578 1495 653 1580 P
654 1541 844 1597 nasas,
870 1546 1017 1605 quos
1044 1528 1101 1587 in
1147 1527 1385 1609 Europa
1414 1530 1628 1590 Darius
1654 1529 1980 1607 reliquerat,
2007 1527 2212 1606 quibus
2238 1536 2474 1606 praeerat
2493 1524 2625 1585 Me«

473 1618 743 1693 gabazus,
786 1619 1001 1698 primos
1030 1639 1107 1680 ex
1134 1619 1550 1702 Hellespontiis
1577 1621 1921 1694 Perinthios,
1949 1639 2153 1699 parere
2180 1620 2442 1680 nolentes
2477 1613 2625 1698 regis

472 1707 731 1789 imperio,
758 1712 1125 1791 subegerunt.
1171 1714 1356 1775 Iidem
1382 1713 1660 1774 Perinthii
1685 1713 1961 1794 superiori
1989 1724 2246 1791 tempore
2269 1733 2307 1772 a
2333 1711 2624 1772 Paeonibus

471 1813 698 1880 quoque
726 1805 874 1864 male
920 1804 1151 1866 fuerant
1188 1799 1473 1866 mulctati.
1557 1803 1821 1876 Paeones,
1866 1805 2231 1884 Strymonem
2279 1804 2620 1873 adcolenta,

474 1895 689 1953 oraculi
738 1915 1015 1976 responso
1053 1897 1253 1962 moniti
1281 1909 1448 1958 erant
1494 1908 1559 1957 ut
1587 1916 1745 1957 arma
1771 1897 2044 1956 adversus
2071 1891 2422 1955 Perinthios·
2445 1911 2624 1954 move-

472 1997 623 2057 rent,
674 1999 756 2058 et,
802 1989 850 2047 si
892 1989 1127 2067 quidem
1170 1990 1454 2050 Perinthii
1497 1990 1780 2070 oppositis
1826 1989 2025 2048 castris
2055 1983 2211 2068 ipsos
2257 1983 2624 2058 invocassent,

470 2077 799 2140 nominatim
822 2082 1255 2161 compellantes,
1285 2093 1409 2141 tum
1435 2083 1542 2143 hos
1567 2082 1903 2143 invaderent
1922 2106 1938 2152 ;
1965 2081 2060 2140 sin
2078 2099 2198 2138 non
2215 2079 2626 2148 inclamassent,

470 2191 587 2231 non
629 2172 983 2233 invaderent.
1064 2173 1251 2254 quue
1293 2175 1563 2234 fecerunt
1611 2174 1873 2234 Paeones.
1955 2171 2180 2239 Quibus
2233 2189 2410 2249 quum
2454 2179 2627 2230 castra

470 2264 753 2324 Perinthii
779 2267 1181 2344 opposuissem
1197 2268 1260 2324 'in
1286 2268 1576 2338 suburbio,
1607 2286 1680 2326 ex
1704 2265 2114 2347 provocatione
2141 2265 2351 2344 triplex
2376 2263 2626 2324 institue-

472 2357 643 2414 batur
668 2366 963 2416 certamen
1002 2357 1315 2437 singulare3
1356 2359 1570 2419 etenim
1597 2359 1780 2418 virum
1807 2377 1938 2417 cum
1975 2357 2122 2428 viro,
2143 2375 2148 2382 ⁴
2166 2365 2228 2416 et
2270 2372 2484 2434 equum
2509 2355 2630 2414 cum

476 2469 629 2528 equo
656 2449 1118 2522 committebant,
1150 2462 1212 2512 et
1238 2469 1443 2512 canem
1498 2471 1628 2512 cum
1654 2470 1798 2512 cane
1829 2471 1844 2510 t
1887 2461 1948 2510 et
1977 2449 2204 2510 duobus
2232 2449 2633 2509 certaminibus

470 2539 737 2599 vicerunt
782 2541 1079 2604 Perinthii.
1126 2559 1133 2566 ’
1162 2545 1277 2610 Qui
1300 2559 1477 2623 quum
1503 2563 1626 2624 pree
1661 2542 1869 2623 gaudio
1896 2557 2166 2623 paeanem
2193 2553 2490 2614 canerent,
2518 2553 2630 2602 tum

478 2639 865 2724 conjectantes
888 2635 1133 2696 Paeones
1157 2635 1270 2696 hoe
1298 2657 1426 2698 esse
1455 2637 1610 2717 quod
1637 2635 2018 2716 significasset
2043 2636 2352 2705 oraculum,
2379 2634 2637 2694 dixerunt

472 2719 623 2785 inter
650 2745 741 2786 se.
770 2734 809 2764 “
828 2746 980 2787 nunc
1007 2729 1305 2808 impletum
1323 2729 1486 2789 nobis
1506 2731 1798 2813 oraculum
1817 2729 2011 2798 fuerit,
2041 2746 2192 2786 nunc
2219 2739 2480 2786 nostrum
2501 2743 2633 2824 opus

478 2821 619 2878 est.”
698 2813 780 2878 Et
797 2830 1101 2880 cantantes
1129 2819 1453 2881 Perinthios
1478 2821 1742 2900 adgressi
1771 2823 2033 2892 Paeones,
2063 2820 2356 2898 ingentem
2381 2829 2631 2940 reporta-

477 2921 611 2969 runt
632 2910 947 2982 victoriam,
974 2931 1301 2992 paucosque
1321 2931 1393 2972 ex
1421 2913 1530 2973 illis
1550 2915 1800 2992 reliquos
1820 2915 2139 2974 fecerunt.
2341 2931 2348 2938 ·
2611 2925 2622 2937 ‘

556 3007 616 3062 2.
658 3004 811 3063 Haec
840 3003 973 3062 olim
1002 3024 1039 3063 a
1062 3003 1413 3064 Paeonibus
1400 3025 1458 3063 m
1479 3006 1636 3065 hunc
1665 3005 1903 3065 modum
1940 3014 2108 3082 gesta
2135 3012 2322 3063 erant.
2402 3001 2482 3061 At
2504 3013 2636 3061 tunc

478 3094 705 3154 fortiter
742 3115 845 3173 pro
886 3095 1155 3156 libertate
1194 3107 1518 3175 pugnantes
1547 3096 1846 3168 Perinthii,
1885 3094 2248 3154 multitudine
2274 3093 2412 3152 victi
2449 3104 2582 3153 sunt
2609 3113 2638 3152 a

481 3186 675 3244 Persis
702 3196 764 3244 et
791 3186 1141 3264 MegabazO.
1224 3188 1486 3248 Subacta
1514 3188 1811 3260 Perintho,
1852 3207 1960 3267 per
1988 3185 2296 3246 Thraciam
2323 3185 2638 3246 exercitum

480 3278 911 3338 circumducens
938 3280 1323 3358 Megabazus‚
1352 3291 1569 3341 cuncta
1597 3280 1826 3360 oppida,
1855 3289 2208 3357 cunctosque
2231 3277 2478 3357 populos
2511 3277 2640 3336 inibi

480 3369 826 3442 habitantes,
866 3373 971 3430 sub
1013 3373 1168 3450 regis
1205 3373 1505 3452 imperium
1547 3373 1810 3451 redegit.
1849 3373 1964 3432 hoc
2007 3369 2159 3430 enim
2197 3369 2278 3426 illi
2315 3370 2640 3430 mandatum

485 3475 628 3534 erat,
654 3465 899 3541 subigere
930 3465 1235 3524 Thraciam.
1735 3507 1746 3542 ³.
1950 3515 1956 3520 .

566 3561 624 3616 3.
671 3555 1009 3616 TnnAcmu
1056 3558 1236 3630 natio,
1276 3567 1411 3638 post
1450 3557 1634 3618 Indos
1671 3556 1890 3635 utique,
1933 3555 2182 3616 maxima
2221 3567 2316 3615 est
2353 3555 2641 3616 nationum

487 3648 774 3707 omnium:
813 3649 912 3727 qui
951 3649 999 3707 si
1038 3652 1143 3709 sub
1184 3652 1351 3711 unius
1380 3663 1572 3710 essent
1613 3648 1872 3730 imperio,
1900 3659 2000 3708 aut
2041 3648 2358 3708 concordes
2399 3646 2548 3707 inter
2583 3667 2642 3706 se

488 3751 703 3818 essent,
744 3740 936 3800 invicti
970 3740 1183 3814 forent,
1222 3754 1281 3802 et
1319 3744 1495 3822 longe
1539 3743 1811 3813 omnium,
1842 3751 1907 3799 ut
1949 3739 2084 3798 mihi
2124 3739 2358 3819 quidem
2401 3739 2640 3810 videtur,

487 3832 885 3914 potentissimi.
967 3835 1047 3894 At
1070 3835 1225 3894 hoc
1211 3856 1400 3914 ipsum
1441 3834 1672 3896 difficile
1703 3845 1788 3894 est
1817 3833 1943 3906 illis,
1979 3843 2153 3912 atque
2179 3831 2542 3911 impossibile,
2583 3843 2644 3890 ut

488 3927 591 3986 fiat
618 3944 921 4004 umquam:
972 3946 1100 3986 eam
1126 3930 1202 3988 ob
1245 3947 1510 3988 caussam
1535 3927 1742 3986 infirmi
1780 3936 1932 3986 sunt.
2019 3925 2266 3984 Habent
2299 3935 2512 3995 autem,
2542 3945 2642 4004 pro

456 4017 806 4098 -regionuml
830 4018 1181 4089 diversitate,
1209 4020 1392 4079 multa
1432 4038 1505 4080 ac
1530 4019 1686 4078 varia
1709 4019 1967 4078 nomina:
2006 4017 2115 4077 sed
2141 4015 2358 4076 eisdem
2397 4017 2643 4076 moribus

486 4109 877 4188 institutisque
904 4113 1143 4170 utuntur
1167 4129 1387 4189 omnes,
1416 4111 1674 4190 exceptis
1701 4111 1890 4182 Getis,
1919 4119 1982 4169 et
2015 4109 2271 4181 Transis,
2293 4119 2355 4167 et
2381 4107 2482 4186 qui
2499 4109 2646 4168 ultra
2754 4112 2758 4128 '

490 4205 854 4265 Crestonaeos
874 4203 1155 4264 habitant.
1669 4269 1678 4278 ,
1711 4255 1715 4260 .

564 4304 623 4358 4.
668 4297 747 4357 Et
785 4297 1067 4356 Getarum
1098 4294 1327 4374 quidem
1357 4295 1634 4368 instituta,
1663 4295 1762 4378 qui
1788 4293 2139 4357 immortales
2166 4313 2228 4354 se
2271 4311 2398 4353 esse
2439 4289 2640 4370 praedi-

490 4401 641 4461 cant,
683 4409 857 4468 supra
896 4389 1153 4467 exposui.
1236 4389 1441 4449 Transi
1481 4409 1640 4461 vero,
1667 4390 1796 4451 aliis
1833 4390 2064 4471 quidem
2104 4389 2164 4447 in
2189 4388 2379 4458 rebus,
2419 4381 2644 4461 reliquis
