2817 4792
499 230 652 323 176'
983 284 997 299 =
1083 268 1529 341 nanono‘n
1576 274 1909 347 ms'ron.
1950 286 2067 349 111.

388 412 396 419 ‘
489 402 686 462 filium.
767 402 830 464 Is
863 404 1038 483 igitur
1062 416 1212 467 sorte
1238 408 1310 469 ad
1347 428 1467 470 rem
1494 414 1933 492 suscipiendam
1946 416 2293 495 designatus,
2321 416 2479 479 hanc
2506 416 2659 479 rati-

489 488 655 553 onem
691 494 864 554 iniit.
908 496 1163 557 Libellos
1197 501 1388 577 plures
1431 505 1786 581 conscripsit,
1822 507 1991 566 variis
2030 508 2105 566 de
2147 508 2318 567 rebus
2364 520 2653 585 agentes,

487 586 692 662 quibus
734 585 976 664 sigillum
1015 588 1282 667 imposuit
1323 592 1518 651 Darii.
1560 595 1694 653 dein
1732 614 1863 655 cum
1890 597 1980 657 his
2014 598 2219 657 libellis
2248 598 2463 658 Sardes
2502 620 2647 679 pro-

484 676 772 737 ficiscitur.
851 680 986 743 Quo
1009 690 1309 758 postquam
1337 684 1587 754 advenit,
1614 686 1673 743 in
1716 693 2089 764 conspectum
2120 689 2333 747 Oroetae
2360 709 2641 768 progres-

479 786 598 843 ωε,
623 768 876 846 singulos
903 768 1174 848 deinceps
1193 772 1433 843 libellos,
1458 776 1721 836 detracto
1744 778 1952 855 sigillo,
1979 780 2177 837 scribae
2202 778 2367 857 regio
2391 780 2639 841 tradidit

476 859 870 935 praelegendos
894 880 909 918 ε
962 863 1220 921 omnibus
1247 865 1459 943 quippe
1482 868 1893 945 provinciarum
1920 870 2209 947 praefectis
2236 872 2451 931 adsunt
2477 872 2635 949 regii

473 949 696 1009 scribae.
727 950 979 1019 Libellos
999 952 1136 1011 istos
1160 954 1406 1032 Bagoeu‘s
1428 957 1693 1017 tradebat
1708 958 2077 1038 explorandae
2096 962 2397 1021 sententias
2416 980 2635 1023 caussa

472 1040 792 1111 satellitum,
822 1060 894 1100 an
923 1044 997 1101 ad
1023 1044 1397 1105 deficiendum
1426 1048 1501 1106 ab
1529 1048 1729 1107 Oroeta
1749 1051 1933 1129 parati
1962 1063 2154 1111 essent
2178 1052 2373 1113 futuri.
2454 1057 2629 1119 Quos

473 1132 568 1189 ubi
595 1132 736 1191 vidit
757 1130 977 1210 magna'
997 1137 1362 1197 veneratione
1389 1141 1657 1217 prosequi
1694 1141 1935 1211 libellos,
1964 1145 2281 1221 majorique
2309 1144 2481 1203 etiam
2518 1164 2630 1205 ve·-

467 1224 764 1283 neratione
805 1226 1070 1304 prosequi
1100 1246 1169 1286 ea
1195 1248 1324 1306 quae
1363 1250 1396 1287 e
1424 1230 1627 1289 libellis
1660 1234 2146 1311 proelegebantur‚
2174 1235 2347 1293 alium
2374 1237 2623 1297 tradidit

465 1316 738 1387 libellum,
754 1318 812 1376 in
831 1338 944 1395 quo
959 1319 1088 1379 haec
1105 1332 1269 1379 erant
1285 1325 1530 1399 scripta:
1574 1331 1609 1361 “
1640 1324 1851 1394 Persis,
1882 1344 1981 1384 rex
2000 1326 2210 1385 Darius
2224 1328 2387 1385 vobis
2410 1328 2619 1398 edicit,

461 1427 540 1483 ne
580 1409 818 1486 amplius
862 1411 1016 1491 apud
1058 1411 1312 1472 Oroetern
1365 1415 1673 1474 satellitum
1718 1416 2033 1495 fungamini
2080 1418 2307 1477 ὀίῆοἰο.”
2292 1421 2322 1445 ”
2400 1418 2485 1477 Et
2510 1416 2617 1490 illi,

459 1500 548 1571 his
575 1502 804 1572 auditiS,
835 1502 1062 1563 lanceas
1105 1524 1294 1563 coram
1319 1524 1392 1565 eo
1420 1507 1827 1585 deposuerunt.
1894 1508 2044 1567 Tum
2071 1528 2211 1569 vero
2232 1508 2527 1588 Reganus,
2526 1512 2617 1570 vi-

458 1594 604 1653 dens
639 1594 809 1654 illos
793 1614 850 1653 ιιι
887 1596 997 1655 hac
1025 1616 1088 1655 re
1107 1598 1571 1676 obtemperantes
1616 1600 1829 1670 libello,
1874 1600 2123 1661 fidenter
2146 1607 2501 1681 posti-einum
2542 1604 2619 1663 li-

451 1686 730 1745 bellorum
758 1688 960 1746 scribae
985 1688 1285 1759 tradidit,'
1269 1709 1325 1748 m
1354 1710 1469 1768 quo
1494 1692 1771 1770 scriptum
1794 1702 1957 1751 erat·
1942 1738 1957 1752 .
2000 1694 2197 1752 “Rex
2220 1694 2431 1753 Darius
2458 1694 2619 1755 Per-

449 1774 558 1848 s'as,
587 1778 682 1856 qui
713 1778 984 1839 Sardibus
1009 1790 1157 1849 sunt,
1182 1781 1348 1855 ,iubet
1373 1781 1642 1841 occidere
1674 1781 1983 1843 Oroetem.”
2060 1785 2195 1850 Quo
2222 1784 2442 1857 audito,
2464 1804 2611 1863 pro-

445 1868 596 1929 tinus
641 1872 914 1931 satellites
949 1872 1296 1931 strinxerunt
1332 1874 1613 1941 acinaces.
1654 1874 1931 1953 illumque
1954 1874 2387 1937 interfecerunt.
2470 1878 2611 1937 Tali

445 1962 620 2039 igitur
641 1963 812 2021 modo
841 1962 1074 2021 Oroeten
1097 1974 1413 2040 persecuta?
1436 1976 1569 2023 suut
1596 1966 1759 2025 Dirae
1786 1966 2105 2046 Polycratis
2131 1967 2369 2029 ultrices
2398 1968 2603 2029 Samii.

527 2058 662 2114 129.
705 2054 1014 2133 Postquam
1044 2053 1256 2113 Oroetae
1281 2074 1374 2114 res
1399 2056 1689 2115 familiaris
1711 2056 1861 2117 Susa
1885 2069 2035 2118 esset
2056 2068 2459 2138 transportata,
2486 2060 2601 2119 ibi-

444 2166 560 2225 que
576 2151 694 2220 J’am
716 2146 940 2215 aderat;
968 2146 1176 2205 accidit
1202 2146 1356 2229 haud
1377 2149 1557 2207 multo
1584 2160 1733 2227 post,
1748 2160 1812 2208 ut
1832 2149 2017 2209 Dario
2034 2150 2175 2227 regi,
2198 2150 2349 2210 inter
2374 2170 2597 2211 venan-

441 2242 576 2297 dum
595 2254 676 2297 ‘ex
703 2258 850 2317 equo
878 2238 1178 2309 desilienti,
1206 2258 1310 2317 pes
1329 2239 1795 2318 distorqueretur:
1839 2240 1919 2299 Et
1933 2240 2176 2318 graviori
2195 2240 2443 2319 quodam
2464 2260 2597 2301 mo-

439 2333 517 2390 do
545 2332 811 2390 distortus
835 2342 920 2390 est
945 2354 960 2399 3
1003 2350 1133 2389 nam
1162 2331 1477 2409 astragalus
1506 2352 1578 2390 ex
1598 2332 1848 2392 articulis
1876 2332 2110 2391 exierat.
2155 2330 2381 2411 Itaque,
2406 2348 2595 2411 quum

437 2410 606 2482 etiam
637 2434 804 2482 antea
831 2423 1200 2482 existimasset
1226 2424 1431 2483 adesse
1450 2424 1552 2482 sibi
1575 2425 1831 2503 medicos
1858 2424 2179 2503 AEgyptios,
2206 2424 2507 2503 primarios
2528 2425 2593 2483 in

436 2526 560 2574 arte
581 2515 899 2574 medicandi
923 2514 1092 2584 viros,
1117 2514 1279 2575 hisce
1299 2534 1434 2573 usus
1460 2527 1567 2575 est.
1652 2518 1737 2575 At
1760 2516 1839 2573 illi
1860 2526 2191 2593 torquentes
2210 2515 2423 2593 pedem
2440 2515 2593 2573 vim·

432 2626 548 2684 que
573 2625 836 2685 magnam
866 2606 1210 2671 adferentes.
1251 2608 1463 2665 malum
1490 2618 1791 2666 auxerunt.
1874 2606 2183 2685 Postquam
2228 2606 2399 2683 igitur
2422 2618 2591 2667 totos

429 2710 647 2777 septem
678 2698 798 2757 dies
817 2686 1148 2775 septemque
1173 2708 1375 2757 noctes
1395 2699 1681 2757 insomnes
1710 2698 1948 2775 egisset3
1976 2708 2183 2757 octavo
2208 2698 2304 2757 die
2330 2699 2589 2775 graviter

428 2791 737 2850 admodum
763 2788 1040 2859 laboranti
1071 2788 1248 2873 Dario
1275 2788 1513 2847 nunciat
1542 2790 1840 2867 quispiam,
1876 2809 1939 2849 se
1964 2788 2098 2849 olim
2130 2786 2403 2849 Sardibus
2432 2790 2583 2849 Cro·

425 2883 660 2943 t'oniatae
683 2881 1030 2940 Democedis
1047 2890 1222 2939 artem
1245 2880 1396 2939 forte
1411 2880 1693 2939 audivisse
1710 2880 1963 2941 laudari:
1992 2896 2207 2958 rexque
2222 2878 2381 2937 illum
2402 2900 2579 2957 quam

321 3044 327 3051 ‚
400 2976 664 3073 “primum
691 2976 766 3033 ad
792 2994 855 3033 se
882 2972 1086 3033 adduci
1098 2972 1288 3048 jussit.
1367 2972 1482 3037 Qui
1504 2982 1567 3030 ut
1594 2971 1739 3031 inter
1765 2972 1988 3030 Oroetae
2006 2972 2294 3049 mancipia
2310 2980 2579 3050 repertus

424 3062 516 3126 e'st
540 3068 736 3127 nescio
759 3066 853 3126 ubi
881 3066 1201 3145 neglectuS,
1231 3062 1567 3143 producitur
1580 3064 1648 3122 -in
1676 3063 1943 3135 medium,
1972 3063 2287 3141 compedes
2304 3062 2569 3135 trahente,

422 3169 482 3261 et
505 3158 728 3218 laceros
755 3177 971 3237 pannos
997 3158 1242 3217 indutus.
1901 3201 1917 3220 .
2470 3172 2477 3179 ’

450 3254 635 3310 ’.130
676 3251 746 3307 In
774 3249 960 3309 medio
987 3260 1232 3312 stantem
1259 3248 1575 3325 interrogat
1600 3266 1721 3319 rex,
1752 3266 1825 3307 an
1854 3259 2034 3307 artem
2062 3247 2333 3307 calleret:
2374 3257 2437 3306 at
2470 3248 2577 3307 ille

416 3342 666 3419 negavit,
703 3340 914 3400 veritus
953 3360 1047 3408 ne,
1083 3340 1130 3399 si
1165 3340 1629 3417 cognoscerefur,
1658 3340 1815 3399 nulla
1852 3338 1958 3417 ipsi
1986 3332 2117 3416 spes
2144 3336 2367 3417 reliqua
2410 3338 2563 3399 foret

413 3436 474 3492 in
503 3432 788 3491 Graeciam
815 3450 1077 3509 umquam
1116 3431 1419 3491 redeundi.
1500 3430 1710 3489 Darius
1738 3448 1873 3489 vero
1908 3430 2045 3489 satis
2078 3428 2413 3506 intelligens
2442 3430 2560 3489 dis·

411 3520 677 3584 simulare
703 3522 1006 3591 hominem,
1035 3533 1094 3581 et
1118 3542 1356 3600 gnarum
1393 3541 1523 3581 esse
1551 3520 1721 3589 artis;
1760 3521 1990 3598 flagella
2016 3530 2078 3579 et
2112 3519 2371 3580 stimulos
2389 3522 2565 3595 jussit

409 3618 468 3673 in
493 3616 762 3674 medium
786 3610 1045 3691 proferri.
1127 3612 1277 3671 Tum
1317 3612 1415 3669 ille
1454 3611 1741 3689 professus
1768 3611 1867 3679 ait,
1908 3611 2189 3670 adcurate
2222 3611 2477 3695 quidem
2488 3632 2556 3671 se

408 3718 588 3765 artem
609 3726 724 3764 non
745 3703 973 3771 callere,
993 3704 1096 3761 sed
1124 3703 1526 3781 aliquantulam
1554 3707 1675 3777 ejus
1698 3701 1953 3761 notitiam
1972 3701 2185 3761 habere
2214 3720 2287 3761 ex
2314 3720 2561 3763 consue·

403 3798 598 3857 tudine
626 3818 794 3875 quam
839 3814 970 3855 cum
1005 3795 1230 3853 medico
1271 3796 1519 3873 quodam
1560 3794 1871 3853 habuisset.
1950 3792 2209 3863 Deinde,
2229 3812 2406 3871 quum
2446 3813 2554 3857 rex

400 3900 466 3951 se
491 3890 570 3949 illi
612 3888 976 3969 permisisset,
1025 3886 1372 3945 Graecanicis
1414 3884 1679 3945 adhibitis
1719 3884 2169 3955 medicamentis,
2214 3895 2279 3943 et
2325 3884 2557 3945 lenibus

398 3993 528 4064 post
548 3980 972 4041 vehementiora
993 3977 1252 4048 admotis,
1269 3978 1461 4036 effecit
1482 3986 1545 4034 ut
1571 3984 1629 4034 et
1646 3995 1903 4035 somnum
1922 3986 2155 4054 caperet
2166 3994 2287 4047 rex,
2304 3986 2367 4034 et
2385 3976 2551 4035 brevi

395 4066 694 4153 temporeo
718 4078 918 4132 sanum
943 4070 1366 4147 inclumemque
1385 4066 1661 4146 prae-stitit,
1680 4084 1854 4145 quum
1874 4084 2185 4145 numquam
2200 4065 2301 4126 ille
2318 4078 2547 4126 rectum
2656 4106 2661 4111 ·
2782 4080 2784 4145 ᾗ

392 4163 556 4246 pedis
585 4183 744 4239 usum
771 4184 838 4222 se
865 4174 1226 4241 recepturum
1255 4170 1559 4237 sperasset.
1642 4160 1789 4219 Inde
1825 4160 2047 4218 duobus
2074 4159 2301 4237 paribus
2334 4178 2545 4231 aurea-

390 4279 516 4317 rum
539 4257 880 4337 compedum
902 4256 1141 4313 donatus
1164 4270 1198 4311 a
1221 4250 1402 4309 Dario
1430 4251 1806 4320 Democedes,
1830 4250 2029 4329 quaerit
2048 4268 2125 4309 ex
2146 4268 2306 4328 rege,
2318 4270 2391 4307 au
2409 4272 2544 4309 con-

387 4352 529 4407 sulto
553 4350 740 4425 duplex
758 4347 990 4407 malum
967 4358 1070 4422 ipsi
1063 4345 1281 4401 reddat
1289 4350 1594 4419 propterea,
1617 4344 1756 4419 quod
1768 4360 1951 4401 sanum
1980 4340 2130 4401 illum
2142 4340 2545 4421 prestitisset.
