2817 4792
931 347 950 354 -
1066 292 1480 360 Eurnnpn.
2072 373 2077 380 ⁸
2264 293 2351 350 ει.

153 429 444 499 tempore
481 417 706 500 pariter·
735 441 813 484 ex
850 415 1110 504 omnibus
1151 424 1491 486 fluminibus
1504 441 1709 503 aquam
1749 419 2003 484 attrahit.
2083 417 2243 478 Ante
2278 417 2342 478 id

151 523 408 590 tempus
433 512 632 591 igitur,
653 534 833 593 quum
875 516 1056 576 multa
1079 517 1156 576 de
1195 517 1348 580 coelo
1377 534 1527 594 aqua
1548 514 1733 574 fluviis
1774 514 2097 581 misceatur,
2126 510 2339 595 quippe

154 601 456 667 imbribus
473 597 715 684 ‘perfusa
737 617 906 676 terra,
935 606 1396 686 torrentibusque
1418 617 1711 687 excavata,
1738 606 1987 685 grandes
2012 602 2095 664 illi
2109 603 2341 662 fluunt:

155 702 381 756 aestate
425 716 584 770 vero,
629 699 986 758 cessantibus
1019 699 1323 769 imbribus,
1353 709 1415 758 et
1440 697 1562 758 sole
1589 716 1797 777 aquam
1836 695 2133 756 fluviorum
2159 705 2341 754 attra-

153 783 374 860 hente,
397 789 588 849 fluunt
607 801 832 850 tenues.
912 792 1108 856 Quare
1131 799 1582 850 consentaneum
1607 799 1715 860 est,
1732 797 1799 846 ut
1823 787 2011 858 Nilus,
2034 805 2211 865 quum
2232 785 2339 844 im-

153 876 370 938 bribus
389 901 518 940 non
544 892 848 959 augeatur,
881 899 1032 961 aqua
1066 901 1208 942 vero
1233 886 1356 957 ejus
1383 901 1421 941 a
1442 881 1566 941 sole
1593 880 1925 950 attrahatur,
1954 888 2060 958 p'er
2084 877 2345 938 hiemem

153 970 356 1030 multo
393 972 626 1032 tenuior
663 973 808 1033 fluat
833 987 1008 1052 quam
1045 983 1285 1034 oestate.
1325 983 1527 1035 aestate
1576 971 1729 1034 enim
1750 970 1971 1075 pariter
2002 981 2176 1049 atque
2206 969 2337 1028 alioe

158 1079 378 1122 omnes
399 1083 570 1142 aquae
596 1057 916 1136 attrahitur,
941 1064 1136 1124 hieme
1160 1085 1300 1126 vero
1327 1066 1485 1126 solus
1510 1065 1624 1126 hoc
1652 1062 2038 1145 petitur.1ta
2060 1061 2339 1141 equidem

161 1152 310 1212 mihi
339 1155 625 1232 persuasi,
643 1155 826 1217 solem
852 1175 982 1216 esse
1007 1156 1176 1232 hujus
1201 1157 1286 1216 rei
1312 1175 1597 1218 caussam.

243 1247 366 1308 26.·
397 1245 508 1304 Est
527 1249 742 1319 autem,
763 1257 828 1306 ut
849 1265 982 1308 mea
999 1248 1115 1308 fert
1136 1248 1348 1328 opinio,
1373 1249 1533 1310 idem
1568 1249 1655 1310 sol
1675 1247 1850 1309 etiam
1870 1263 2091 1317 caussa,
2119 1253 2249 1326 quae
2269 1254 2338 1307 ut

163 1357 276 1398 aer
299 1337 384 1398 ibi
407 1338 600 1398 siccus
621 1339 694 1398 sit
719 1339 911 1412 efficit,
943 1341 1133 1401 omnia
1159 1359 1276 1419 qua
1294 1341 1501 1402 transit
1528 1359 1823 1402 exurens:
1864 1339 2021 1400 unde
2048 1337 2134 1411 fit,
2134 1348 2223 1406 ut
2240 1357 2337 1398 su-

163 1430 404 1508 periora
439 1430 646 1510 Libyae
689 1442 970 1510 perpetuo
1007 1443 1154 1492 oestu
1179 1445 1531 1512 premantur,
1620 1433 1801 1499 Quod
1840 1432 1901 1491 si·
1918 1440 2339 1511 permutaretur

163 1522 344 1584 statio
371 1523 673 1602 plagarum
693 1523 850 1592 coeli;
877 1524 924 1583 si
951 1524 1010 1584 in
1036 1543 1110 1591 ea
1134 1535 1321 1604 parte,
1351 1545 1467 1604 qua
1487 1543 1645 1586 nunc
1670 1535 1785 1586 stat
1810 1525 2015 1584 boreas
2043 1533 2103 1580 et
2128 1521 2334 1592 hiems,

165 1615 328 1674 foret
355 1627 531 1675 notus
555 1625 618 1676 et
655 1616 960 1686 meridies;
999 1627 1218 1687 contra,
1251 1617 1350 1676 ubi
1375 1635 1530 1678 nunc
1558 1615 1859 1687 notus,-ibi
1884 1616 2095 1682 boreas
2114 1623 2294 1674 staret
2316 1636 2335 1674 ε

165 1707 302 1778 haec
329 1707 382 1766 si
409 1708 490 1770 ita
522 1707 826 1779 haberent,
853 1706 938 1768 sol
966 1709 1041 1768 ab
1068 1708 1259 1769 hieme
1287 1721 1347 1768 et
1373 1711 1552 1769 borea
1578 1727 1611 1768 e
1650 1708 1845 1772 medio
1871 1707 2017 1774 coelo
2044 1706 2339 1784 depulsus,-

163 1801 518 1872 transiturus
544 1810 698 1859 esset
723 1801 1016 1880 superiora
1044 1801 1316 1880 Europae,
1327 1795 1831 1881 quemadmodum
1860 1816 2013 1862 nunc
2038 1797 2337 1875 superiora
2448 1849 2457 1858 ,

167 1889 402 1971 Libyae.
482 1892 658 1958 Quod
683 1891 730 1950 si
757 1911 898 1970 ergo
920 1911 1024 1972 per
1051 1891 1346 1972 Europam
1367 1909 1597 1953 omnem
1614 1889 1900 1961 transiret,
1924 1887 2180 1950 existimo
2202 1906 2343 1949 eum

168 1976 328 2042 Istro
353 1981 578 2040 flumini
600 1981 756 2042 idem
783 2001 912 2043 esse
941 1982 1225 2042 facturum
1245 1983 1402 2061 quod
1427 2001 1583 2041 nunc
1602 1981 1736 2042 Nilo
1761 1981 2339 2044 facit..

249 2075 356 2138 2⁷.
395 2073 488 2132 De
506 2093 647 2133 aura
665 2093 822 2145 vero,
843 2075 1002 2152 quod
1031 2093 1112 2134 ex
1129 2075 1269 2134 Nilo
1289 2089 1404 2132 nou
1432 2072 1659 2152 perflat,
1680 2071 1808 2131 haec
1835 2081 1925 2131 est
1950 2089 2081 2130 mea
2106 2041 2343 2130 senten

165 2164 251 2222 tia
300 2165 463 2224 nullo
490 2153 666 2224 modo
701 2184 831 2224 esse
857 2176 1329 2235 consentaneum,
1359 2175 1426 2224 ut
1452 2183 1487 2225 e
1522 2162 1719 2224 calidis
1749 2159 1891 2232 locis
1917 2180 2059 2223 sura
2091 2161 2341 2241 perflet·
2340 2181 2347 2184 ·

170 2275 316 2316 aura
339 2255 493 2316 enim
513 2275 548 2316 e
568 2256 778 2335 frigido
803 2257 994 2337 aliquo
1019 2258 1212 2337 spirat.

250 2351 354 2410 28.
402 2347 519 2426 Sed
539 2348 653 2406 sint
671 2349 798 2408 haic
817 2349 898 2408 uti
924 2359 1078 2422 sunt,
1101 2360 1278 2430 utque
1298 2369 1334 2410 a
1359 2347 1641 2430 principio
1666 2319 1921 2408 fuerunt.
1982 2347 2187 2418 Fontes
2195 2363 2344 2404 vero

173 2438 303 2498 Nili
331 2459 507 2502 nemo
531 2461 724 2519 neque
759 2441 1185 2548 AEgyptiorum‚
1211 2461 1322 2504 nec
1360 2442 1633 2522 Libyum,
1666 2457 1777 2500 nec
1812 2441 2171 2508 Graecorum,
2209 2436 2341 2515 qula

175 2531 428 2596 buscum
455 2551 569 2610 ego
605 2549 898 2593 sermones
925 2533 1155 2610 miscui,
1181 2552 1245 2596 se
1281 2533 1432 2594 scire
1469 2534 1761 2613 professus
1786 2543 1894 2604 est,
1935 2530 2043 2590 nisi
2070 2529 2129 2588 in
2158 2529 2345 2606 AEgy-

169 2633 296 2701 pto,
333 2624 420 2682 in
415 2624 528 2684 Sai
569 2624 798 2704 oppido,
821 2625 1008 2686 scriba
1033 2639 1221 2685 rerum
1247 2625 1631 2706 pretiosarum
1658 2639 1791 2706 quse
1830 2624 2113 2684 Minervae
2132 2639 2332 2680 conse-

173 2723 352 2776 erate
369 2727 522 2777 sunt.
605 2716 728 2776 At
711 2736 760 2775 ιε
785 2715 990 2778 ludere
1015 2717 1149 2776 mihi
1175 2718 1329 2778 visus
1363 2729 1475 2788 est,
1510 2718 1711 2778 dicens
1746 2717 2019 2778 adcurate
2042 2733 2107 2775 se
2142 2731 2344 2788 nosse.

173 2807 350 2868 Dixit
370 2818 564 2868 autem
584 2809 696 2868 hoc
713 2809 922 2872 modo.
957 2809 1164 2870 “Esse
1181 2809 1326 2870 duos
1345 2819 1592 2882 montes,
1616 2807 2037 2872 cacuminibus
2020 2826 2080 2866 ιιι
2099 2813 2337 2865 acutum

172 2899 587 2970 desinentibus,
613 2901 760 2962 inter
783 2902 1016 2981 Syenen
1035 2901 1348 2962 Thebaidis
1377 2902 1653 2983 oppidum
1670 2911 1729 2961 et
1744 2901 1893 2961 inter
1910 2894 2345 2978 Elephantinen

169 2990 346 3063 sitos,
327 3015 344 3030 ·
373 3011 614 3070 quorum
634 2993 780 3053 alter
797 2991 1034 3071 Crophi‚
1060 2992 1207 3052 alter
1229 2993 1435 3073 Mopbi
1450 2994 1792 3054 nominetur.
1834 2991 1886 3050 E
1908 2989 2098 3050 medio
2121 2986 2331 3060 horum

171 3083 452 3145 montium
479 3085 660 3144 fluere
689 3084 806 3144 Nili
831 3084 1046 3159 fontes,
1076 3084 1314 3145 fundum
1343 3085 1561 3144 nullum
1587 3085 1909 3152 habentes;
1945 3091 2007 3140 et
2032 3078 2346 3154 dimidium
2434 3071 2437 3078 ’

173 3175 420 3254 quidem
429 3193 706 3256 aquarum
723 3196 918 3236 versus
947 3175 1264 3256 AEgyptum
1286 3187 1346 3236 et
1371 3176 1843 3256 septemtrionem
1865 3151 2067 3246 fluere,
2086 3171 2332 3232 alterum

171 3266 472 3329 dimidium
490 3287 687 3328 versus
704 3268 1047 3348 AEthiopiam
1063 3281 1125 3330 et
1143 3269 1459 3330 meridiem.
1501 3269 1676 3334 Quod
1694 3279 1893 3336 autem
1902 3267 2080 3326 fundo
2096 3271 2333 3326 careant

167 3357 228 3417 hi
274 3358 498 3431 fontes,
533 3361 596 3420 id
634 3361 1035 3440 experimento
1075 3361 1455 3441 cognovisse‚’
1460 3361 1763 3432 ἀἰεδιιι,·
1797 3359 2331 3428 ‘Psammitichum

177 3450 424 3531 AEgypti
441 3470 691 3530 regem3
731 3453 944 3515 etenim
966 3454 1168 3514 funem
1182 3467 1254 3514 eo
1280 3453 1393 3512 loci
1420 3451 1734 3524 demisisse,
1757 3453 1936 3512 multa
1961 3451 2136 3512 millia
2160 3469 2336 3530 orgy-

175 3553 340 3604 arum
377 3544 792 3617 continentem,
820 3565 1008 3625 neque
1035 3547 1113 3606 ad
1149 3547 1388 3612 fundum
1416 3545 1798 3625 pervenisse!⁹
1876 3545 1972 3612 Ita
1994 3543 2182 3605 scriba
2210 3543 2343 3614 ine,

171 3635 222 3696 si
249 3637 424 3697 modo
451 3646 592 3698 vera
613 3649 744 3698 sunt
773 3647 904 3718 quse
923 3638 1086 3709 dixit,
1117 3639 1464 3710 declaravit,
1480 3641 1571 3715 (ut
1592 3637 1862 3718 equidem
1889 3639 1977 3697 int
2010 3636 2185 3722 elligo
2210 3655 2346 3715 pro·-

172 3738 304 3806 μετ
340 3729 562 3790 validos
587 3731 868 3810 quosdam
889 3731 1142 3810 gurgites
1177 3740 1240 3790 et
1264 3749 1539 3810 aquarum
1568 3730 2079 3810 repercussionem,
2122 3728 2330 3807 quippe

168 3837 304 3896 quse
327 3820 618 3882 montibus
637 3820 947 3894 illidantur,
969 3820 1370 3886 descendere
1347 3842 1414 3880 ιιι
1439 3821 1682 3882 fundum
1707 3842 1823 3883 non
1850 3820 2109 3900 potuisse
2124 3819 2333 3880 demis-

169 3925 296 3970 sam
321 3909 598 3972 bolidem.
681 3921 686 3928 ‘
1409 3947 1413 3950 >

251 4003 353 4064 29.
392 4001 487 4062 Ex
522 4003 634 4062 alio
659 4023 814 4066 vero
823 4006 1051 4066 nemine
1076 3995 1390 4087 quidqua‘m
1405 3957 1571 4069 aliud
1596 4007 1762 4088 potui
1787 4003 2126 4086 comperire.
2210 3982 2333 4064 8εὰ

171 4091 308 4163 alia,
330 4112 464 4172 quoe
487 4095 588 4155 ad
589 4099 916 4175 superiorem
941 4099 1240 4180 AEgypmm
1261 4111 1549 4180 spectant,
1578 4100 1769 4181 quoad
1792 4099 2124 4179 longissime
2150 4098 2343 4179 ιιοιϊί-Ρ

170 4182 352 4260 gitur,
349 4185 752 4265 perquirendo
772 4191 1057 4270 cognovi,
1095 4211 1269 4271 quum
1289 4211 1471 4272 usque
1497 4191 1574 4252 ad
1599 4187 2029 4272 Elephantinen
2055 4189 2331 4270 oppidum

169 4275 298 4353 ipsc
328 4285 632 4356 spectator
671 4281 1036 4357 accesserim,
1081 4283 1354 4344 ulteriora
1395 4301 1533 4344 vero
1575 4284 1773 4345 auditu
1802 4284 2147 4364 acceperim.
2228 4283 2329 4347 Ab

169 4367 527 4456 Elephantine
566 4372 776 4453 oppido
804 4375 1100 4455 superiora
1124 4377 1347 4456 petenti
1384 4373 1615 4438 acclivis
1640 4373 1800 4436 locus
1844 4386 1951 4436 est.
2036 4374 2126 4434 Eo
2154 4373 2327 4452 igitur

1229 4487 1277 4530 M
1968 4499 1974 4506 .
