2817 4792
519 301 634 366 ιτα
1133 258 1581 365 nsaonort
1622 278 1955 367 msTonj
1996 302 2113 367 111.
2211 318 2224 331 ·

517 430 812 505 cumdant,
837 441 900 493 et
923 432 1077 493 intus
1117 433 1533 507 intercludunt,
1562 454 1660 495 eas
1684 452 1780 495 res
1794 430 2117 515 possidere,
2144 440 2275 511 quie
2304 433 2367 491 et'
2392 440 2659 511 prestun-⁶

515 521 748 582 tissimoe
775 542 901 584 esse
927 526 1402 606 vulgo‘puta‘ntur
1430 514 1491 587 e't
1516 526 1831 587 rarissimoe.
2652 544 2657 547 ·
2750 514 2752 567 ῑ

599 616 732 679 117.
775 616 886 675 Est
909 616 967 675 in
989 618 1131 677 Asia
1155 619 1417 697 campus,
1442 629 1638 678 monte
1664 618 1917 696 undique
1940 616 2215 685 claususg·
2234 614 2448 675 montis
2474 624 2653 674 autem

517 704 770 783 quinque
797 717 928 766 sunt
975 706 1234 769 divortia.
1317 710 1439 769 Hic
1464 730 1679 787 campus
1704 709 1840 769 olim
1876 708 2339 768 Chorasmiorum
2366 716 2509 779 erat,
2548 716 2657 765 est-

519 811 640 874 que·
669 795 728 855 in
770 798 1085 858 confinibus
1111 799 1362 880 ipsorum
1405 801 1869 861 Chorasmiorum
1897 811 1957 859 et
1985 798 2411 888 Hyrcaniorum
2438 806 2501 857 et
2530 796 2655 855 Par-

516 889 745 947 thorum
772 898 834 949 et
868 890 1248 969 Sarangai-um
1269 903 1338 952 et
1377 892 1887 953 Thamanoeorum:
1928 910 2003 952 ex
2028 911 2143 971 quo
2170 910 2319 950 vero·
2339 890 2533 949 Persae
2556 890 2651 947 ob·

517 976 740 1038 tinuere
765 979 1088 1059 imperium,
1114 1000 1219 1041 rex
1243 997 1375 1041 eum
1401 982 1679 1061 possidet.
1719 983 1817 1043 Ex
1846 992 2039 1041 monte
2064 984 2331 1061 campum
2358 980 2647 1041 claudente

513 1069 749 1149 profluit
767 1069 972 1149 ingens
973 1074 1208 1150 fluvius,
1226 1072 1322 1133 cu'i
1350 1094 1563 1133 nomen
1594 1076 1769 1133 Aces.
1810 1074 2104 1134 Is'fiuvius
2128 1073 2305 1152 prius,
2326 1073 2385 1131 in
2410 1073 2650 1151 quinque

516 1160 712 1221 alveos
737 1160 968 1233 divisus,
989 1164 1331 1243 populorum
1355 1184 1499 1244 quos
1528 1164 1645 1224 dixi
1668 1165 1939 1243 irrigabat
1966 1184 2153 1243 agros,
2175 1164 2253 1224 ad
2276 1164 2529 1242 singulos
2554 1183 2647 1243 po-

514 1252 682 1329 pulos
701 1272 804 1332 per
829 1254 1085 1333 singulas
1110 1256 1332 1326 montis·
1345 1257 1547 1316 fauces
1574 1256 1863 1315 derivatus
1878 1278 1897 1315 ε
1936 1274 2013 1315 ex
2042 1274 2157 1335 quo
2182 1274 2323 1315 vero
2347 1256 2455 1315 sub
2484 1254 2645 1313 Persa

517 1353 609 1403 est
633 1344 762 1405 haec
789 1344 968 1424 regie,
1012 1346 1306 1406 calamitas
1332 1347 1442 1407 illis
1469 1348 1682 1407 accidit
1708 1346 2047 1421 hujusmodi.
2130 1346 2421 1405 Montium
2462 1344 2644 1405 fauces
2753 1376 2754 1389 ι

516 1434 796 1495 obstruxit
821 1455 943 1508 rex,
971 1438 1137 1497 et‘ad
1163 1438 1418 1515 singulas
1450 1439 1653 1497 fauces
1680 1446 1903 1516 portam
1944 1437 2281 1497 construxit.
2348 1438 2469 1507 1ta,
2496 1436 2641 1495 exitu
2752 1502 2755 1509 .

514 1544 678 1604 aquoe
708 1527 1046 1600 intercluso,
1087 1549 1153 1587 ea·
1191 1549 1372 1605 campo
1395 1530 1625 1588 ‘factum
1669 1537 1758 1588 est
1780 1531 2021 1607 pelagus,
2058 1528 2338 1588 influente
2374 1528 2563 1599 fluvio,
2589 1538 2641 1586 et
2752 1518 2754 1553 ³

515 1618 738 1679 exitum
761 1631 1040 1700 nusquam
1059 1621 1350 1681 habente:
1415 1622 1499 1679 Hi
1524 1621 1701 1699 igitur
1716 1620 1935 1700 populi,
1964 1630 2136 1687 antea
2153 1620 2313 1699 aquis
2336 1620 2484 1681 illins
2502 1618 2640 1678 fluvii

513 1710 664 1771 soliti
705 1711 807 1784 uti,
833 1732 988 1772 nunc
1012 1712 1110 1771 ubi
1135 1720 1258 1771 n'on'
1289 1712 1532 1792 amplius
1556 1712 1667 1771 illis
1690 1712 1774 1771 uti
1800 1722 2056 1791 possunt,
2084 1712 2303 1790 ingenti
2334 1722 2639 1791 premuntur
2752 1704 2754 1757 ἒ

511 1802 895 1865 incommodo.
937 1806 1088 1866 Nam
1107 1807 1316 1886 hyeme
1343 1804 1575 1885 quidem
1596 1805 1743 1884 pluit
1762 1805 1860 1876 ibi,
1884 1806 2031 1864 sicut
2056 1804 2117 1863 in
2142 1805 2264 1869 aliis
2288 1804 2634 1882 regionibus:

510 1906 572 1955 at
597 1906 816 1966 aestate,
845 1896 1447 1975 postquampanicum
1474 1906 1535 1955 et
1570 1900 1853 1955 sesamum
1896 1906 2185 1965 severunt,
2207 1915 2363 1974 aqua
2388 1896 2483 1955 illa
2506 1894 2654 1953 indi--

509 1987 744 2063 gebant.
829 1988 1028 2064 Igitur,
1057 1987 1521 2066 quandoquidem
1542 1987 1625 2047 eis
1652 2006 1806 2046 nunc
1824 1984 1953 2046 hoec
1976 1986 2389 2057 intercluditur,
2418 1987 2631 2046 veniunt

510 2077 588 2137 ad
615 2076 840 2148 Persas,
860 2078 964 2137 viri
990 2088 1048 2138 et
1072 2078 1361 2149 mulieres,
1389 2089 1725 2158 stantesque
1750 2078 1823 2137 ad
1848 2078 2002 2156 regis
2026 2089 2271 2157 portam,
2292 2078 2501 2156 ingenti
2528 2078 2629 2135 cla-
2662 2064 2671 2074 ’

508 2188 672 2229 more
691 2169 928 2231 ululant.
1007 2168 1088 2229 Et
1107 2174 1222 2229 rex'
1242 2170 1344 2241 eis,
1372 2170 1471 2248 qui
1497 2189 1649 2249 aqua
1673 2170 1923 2229 maxime
1948 2170 2229 2249 indigent,
2253 2172 2421 2247 jubet
2444 2169 2629 2248 aperiri

507 2270 735 2341 portam
762 2261 838 2319 ad
876 2260 981 2321 hos
1024 2262 1330 2321 ducentem
1361 2283 1378 2321 ε
1424 2273 1989 2341 quorumpostquam
2030 2262 2167 2320 satis
2195 2270 2463 2339 aquarum
2492 2273 2627 2320 terra

507 2350 674 2422 bibit,
695 2350 888 2411 claudi
903 2370 1028 2412 eam
1055 2356 1276 2431 portam
1297 2354 1483 2430 jubet,
1514 2363 1573 2412 et
1592 2352 1757 2411 aliam
1779 2352 1983 2430 aperiri
2008 2352 2097 2411 his
2122 2352 2220 2430 qui
2248 2352 2627 2430 e'reliquorum

507 2462 747 2507 numero
773 2445 1016 2505 maxime
1044 2446 1515 2525 aqua‘indigent.·
1575 2444 1663 2505 Ut
1699 2463 1837 2504 vero
1865 2444 2060 2503 auditu
2088 2444 2353 2523 equidem
2386 2444 2629 2523 cognovi,
2754 2420 2756 2553 i

507 2536 732 2605 nonnisi
759 2536 992 2615 ingenti·
1019 2538 1266 2617 pecunia
1287 2548 1502 2617 praeter
1516 2536 1800 2595 tributum
1838 2546 2041 2597 exacta
2072 2535 2279 2615 aperiri
2305 2538 2483 2611 jubet.
2556 2536 2627 2593 Et

505 2628 890 2707 haec'qnidem
915 2627 998 2688 ita
1021 2648 1088 2689 se
1115 2628 1350 2690 habent.
2127 2620 2133 2628 ’
2604 2622 2611 2631 ’

588 2724 721 2780 118.
764 2719 884 2781 Uni
921 2740 956 2779 e
998 2731 1220 2801 septem
1248 2720 1398 2792 viris,
1442 2722 1539 2801 qui
1576 2722 1849 2783 adversus
1884 2722 2130 2801 Magum
2166 2722 2628 2801 conspiraverant,-

432 2830 437 2835 ’
471 2812 854 2893 'Intapherni,
889 2812 1098 2874 accidit
1133 2825 1199 2873 ut
1236 2814 1453 2893 perii-et
1479 2814 1633 2874 brevi
1674 2826 1805 2895 post
1832 2815 2135 2895 oppressos
2176 2816 2405 2893 Magos,
2430 2816 2521 2874 tali
2541 2834 2625 2893 pa-

501 2914 658 2967 trato
677 2904 953 2967 facinore.
1037 2904 1236 2965 Voluit
1261 2906 1355 2965 hic
1381 2905 1596 2984 reg-iam
1624 2906 1868 2984 ingredi,
1898 2926 2027 2967 cum
2051 2926 2193 2985 rege
2219 2908 2589 2967 collocuturus
2607 2930 2625 2964 ε

502 2999 714 3079 quippe
739 3002 829 3074 (ut
850 2998 990 3077 di'xi)
1005 2999 1087 3058 ita
1105 3010 1451 3059 convenerat
1468 2998 1619 3058 inter
1647 3002 1993 3077 conjuratos,
2022 3011 2087 3059 ut
2110 2999 2182 3060 ad
2202 3019 2400 3078 regem
2418 2998 2621 3077 ingredi

501 3090 588 3152 eis
615 3090 817 3151 liceret
855 3090 1074 3169 absque
1100 3090 1481 3162 inter-nuncio,
1507 3091 1611 3149 nisi
1640 3092 1788 3151 forte
1816 3110 1947 3151 cum
1972 3110 2145 3150 uxore
2178 3092 2282 3150 rex
2306 3092 2620 3151 concumbe·

500 3190 610 3240 ret.
689 3182 896 3259 Itaque
917 3200 1146 3260 aequum
1175 3176 1481 3241 censuerat
1505 3180 1903 3260 I'ntaphernes,
1929 3193 2003 3240 ut
2022 3184 2241 3260 absque
2265 3181 2621 3249 internuncio‚

499 3272 757 3343 intraret,
779 3278 988 3351 'utpote
1027 3272 1124 3350 qui
1155 3292 1188 3331 e
1215 3282 1437 3351 septem
1474 3272 1721 3332 virorum
1748 3291 1999 3332 'numero
2035 3284 2205 3332 esset.
2288 3272 2403 3332 Sed
2429 3272 2624 3349 janitor

501 3364 674 3441 atqtie
699 3360 1088 3422 internuncius
1107 3363 1559 3441 prohibuerunt3
1600 3364 1881 3434 dicentes,
1906 3382 2031 3423 cum
2060 3382 2241 3424 uxore
2262 3365 2619 3424 concumbere

499 3474 721 3533 regem.
802 3454 951 3512 Tum
997 3453 1115 3528 ill-e,
1165 3454 1310 3513 farsa
1353 3454 1435 3513 id·
1462 3454 1535 3513 ab
1568 3454 1675 3512 'his
1720 3454 1832 3513 dici
1884 3466 2063 3526 ratus,
2109 3456 2307 3515 haecce
2364 3455 2617 3533 patravit:

393 3560 398 3569 ·
498 3546 694 3607 stricto
721 3544 978 3616 acinace,
1011 3564 1175 3604 aures
1197 3545 1440 3623 'utrique
1472 3556 1535 3605 et
1572 3544 1739 3605 nares
1780 3546 2057 3625 praecidit,
2086 3566 2297 3625 easque
2332 3548 2485 3611 circa
2519 3547 2619 3605 sre-

501 3656 639 3697 num
659 3637 790 3715 equi
811 3635 1405 3699 adnexas‘cervicibus
1444 3655 1641 3695 eorum
1668 3638 2061 3710 circumdedit,
2086 3648 2259 3718 atque
2284 3639 2367 3698 ita
2390 3639 2620 3723 homines

497 3728 723 3791 dimisit.
1337 3739 1345 3747 '

579 3826 713 3883 119.
743 3820 870 3887 Qui
909 3840 1178 3901 quumse
1203 3822 1326 3899 regi
1353 3822 1749 3893 ostendissent,
1778 3840 2151 3901 caussamque
2176 3840 2285 3881 cur
2306 3823 2423 3881 hoc
2448 3830 2615 3881 essent

493 3912 644 3993 passi
683 3913 1108 3993 exposuissent3
1149 3924 1271 3972 tum
1312 3912 1544 3987 Darius,
1585 3913 1799 3973 veritus
1830 3934 1905 3973 ne
1944 3913 2228 3973 communi
2254 3914 2487 3975 consilio
2522 3930 2611 3969 sex

495 3998 609 4065 viri
647 4004 759 4063 hoc
797 4004 1095 4075 fecissent,
1129 4004 1383 4082 singulos
1424 4006 1500 4064 ad
1520 4024 1602 4065 ·se
1634 4005 1888 4076 vocavit,
1929 4005 2383 4083 sententiamque
2422 4006 2611 4072 eorum,

490 4098 902 4178 probarent-ne
927 4096 1168 4169 factum,
1194 4096 1535 4173 exploravit.
1618 4096 1735 4173 Ubi
1754 4094 2051 4175 cognovit,
2080 4116 2194 4155 non
2222 4096 2611 4155 communicato

491 4208 624 4249 eum
641 4189 750 4247 illis
773 4188 1156 4249 consiliarem
1183 4188 1404 4246 factam-
1424 4204 1570 4259 esse,
1598 4188 1779 4265 ipsum
1797 4188 2201 4266 {ntaphernem
2230 4190 2463 4265 ejusque
2486 4186 2610 4243 filios

481 4280 886 4342 etfamiliares'
921 4291 1122 4339 omnes
1151 4278 1455 4359 prehendit
1473 4302 1493 4348 ’ς
1528 4296 1646 4337 non
1680 4278 2117 4357 feie'dubitans,
2158 4280 2313 4339 illum
2342 4300 2472 4340 eum
2490 4278 2603 4337 ‘suis

481 4374 806 4453 propinquis
835 4372 1210 4433 rebellionem
1237 4370 1362 4430 esse
1401 4369 1769 4441 molitur-uni:
1811 4370 2123 4451 prehensos
2148 4372 2617 4433 in·vinwla¹con···
