2817 4792
1100 321 1589 400 ·ι>·οι,ΥΜΝιΑ.’
1637 405 1644 408 ,
1671 321 1681 330 ’
2266 319 2392 396 359*

208 463 579 526 sententiam
608 457 1029 523 Themistocles
1048 455 1304 535 dlxisset,
1327 469 1674 523 censuerunt
1699 447 2078 522 Athenienses
2105 449 2386 541 potiorem

224 573 365 616 esse
392 556 543 616 hanc
566 555 867 628 rationem,
894 551 1065 633 quam
1090 553 1245 614 illam
1272 573 1403 634 quse
1429 565 1554 615 erat
1577 554 1652 614 ab
1679 554 2040 615 oraculorum
2065 553 2388 632 interpreti·

222 651 343 709 bus
370 649 699 753 proposita·
725 648 841 726 qui,
861 637 1195 725 adparatum
1214 647 1432 712 navalis
1452 666 1660 736 pugnas
1687 646 2097 734 dissuadentes,
2113 663 2392 704 summam

221 741 316 798 rei
342 741 405 798 in
424 759 499 799 eo
522 739 668 800 verti
696 738 1143 809 contendebant,
1166 749 1231 796 ut
1248 757 1325 797 ne
1350 757 1552 799 manus
1573 729 1804 818 quidem
1829 727 2030 798 contra
2055 737 2392 796 invadentes

224 833 429 892 hostes
456 831 744 905 tollerent,
772 831 896 902 sed,
924 830 1127 890 relicta
1144 825 1377 909 prorsus
1401 823 1657 903 Attica,
1643 851 1698 889 m
1720 831 1832 890 alia
1850 841 2003 889 terra
2027 847 2204 888 novas
2219 813 2396 889 sedes

222 931 577 1003 quaererent.

319 1021 453 1076 144.
496 1016 633 1099 Alia
657 1036 797 1076 vero
820 1016 995 1076 etiam
1034 1030 1169 1078 ante
1203 1019 1357 1078 hanc
1396 1017 1657 1096 eJ'usdem
1684 1015 2081 1076 Themistoclis
2103 1014 2395 1074 sententia
2457 1090 2464 1094 -

232 1118 563 1186 opportune
588 1108 820 1170 vicerat.
864 1111 1055 1174 Quum
1080 1111 1354 1199 ingentes
1377 1099 1656 1169 fuissent
1641 1127 1700 1168 m
1721 1108 2166 1195 Atheniensium
2191 1107 2396 1166 aerario

231 1199 519 1282 pecunioe,
536 1221 677 1308 ‘quse
696 1221 772 1260 ex
794 1203 1037 1262 metallis
1064 1222 1100 1263 a
1123 1192 1357 1263 Laureo
1381 1191 1730 1273 redierant,'
1713 1220 1773 1259 ιιι
1798 1221 1988 1280 eoque
2014 1188 2108 1259 res
2129 1209 2300 1270 esset,
2327 1207 2399 1258 ut

240 1313 319 1355 ea
322 1294 591 1372 pecunia
614 1293 820 1353 viritim
849 1295 1067 1356 civibus
1096 1295 1467 1367 divideretur,
1497 1305 1560 1354 et
1583 1295 1970 1373 unusquisque
2007 1293 2216 1352 decem
2253 1291 2401 1350 acci-

236 1396 413 1465 peret
430 1385 763 1459 drachmas3
804 1398 946 1448 tunc
968 1387 1393 1449 Themistocles
1419 1397 1784 1493 persuaserat
1811 1387 2047 1456 civibus,
2077 1397 2162 1456 ut,
2191 1385 2402 1444 omissa

237 1479 341 1539 illa
362 1476 783 1551 distributione,
803 1499 979 1540 naves
999 1500 1075 1540 ex
1102 1481 1215 1540 hac
1234 1479 1480 1568 pecnnia
1505 1467 1781 1538 ducentas
1801 1477 2157 1537 aedificarent
2183 1462 2256 1538 ad
2275 1480 2402 1540 bel·
2403 1503 2406 1516 ·

238 1567 384 1642 lum,
418 1579 479 1628 ut
504 1570 713 1642 aiebat,
744 1590 877 1630 cum
906 1567 1217 1651 AEginetis.
1300 1563 1438 1628 Hoc
1461 1570 1612 1628 enim
1641 1568 1876 1640 bellum,
1901 1581 2040 1628 tunc
2067 1571 2400 1642 conflatum,

236 1662 493 1722 Graeciae
518 1661 629 1721 fuit
656 1661 847 1733 saluti,
880 1682 950 1723 eo
978 1663 1133 1742 quod
1163 1662 1545 1722 Athenienses
1572 1660 1712 1720 mari
1743 1661 1880 1750 dare
1920 1681 2152 1740 operam
2189 1663 2402 1742 coegit.

239 1755 375 1815 Sed
400 1773 575 1814 naves
601 1748 714 1824 hm,
744 1755 819 1814 ad
855 1773 1025 1833 quem
1052 1765 1401 1833 comparatae
1425 1753 1656 1812 fuerant
1683 1771 1870 1823 usum,
1907 1753 1966 1810 in
2003 1773 2135 1812 eum
2168 1755 2402 1832 quidem

236 1867 365 1908 non
390 1860 521 1908 sunt
540 1847 843 1908 adhibitae:
886 1859 947 1908 at
966 1849 1045 1907 ita
1071 1854 1265 1907 tamen
1292 1855 1620 1926 opportuno
1633 1857 1894 1926 tempore
1913 1847 1970 1905 in
1988 1833 2217 1926 promtu
2236 1851 2404 1911 fuere

240 1939 518 2000 Groeciae.
560 1940 692 1998 Has
717 1939 893 2018 igitur
918 1959 1111 2032 naves,
1141 1949 1276 1998 ante
1300 1949 1680 2018 comparatas,
1707 1949 1847 1998 tunc
1873 1938 2128 2000 habuere
2155 1941 2404 2021 Atheni-

132 2067 140 2076 ·
240 2052 457 2102 enses,
491 2042 813 2112 praeterque
854 2051 951 2091 eas
992 2030 1121 2091 alise
1160 2041 1325 2090 erant
1351 2031 1725 2090 aedificandae.
1807 2031 1887 2089 Et
1925 2043 2058 2110 post
2097 2046 2404 2113 acceptum

242 2125 471 2186 oraculi
498 2143 829 2203 responsum
857 2123 1057 2184 habita
1082 2122 1495 2183 deliberatione
1521 2123 1919 2194 decreverunt,
1948 2123 2062 2210 deo
2083 2126 2404 2205 obsequen-

243 2229 341 2276 tes
362 2236 494 2278 cum
522 2215 785 2275 omnibus
806 2209 997 2296 copiis
1008 2235 1185 2278 naves
1210 2205 1628 2286 conscendere,
1650 2224 1714 2274 et
1739 2215 1897 2286 mari,
1926 2236 2044 2276 una
2067 2237 2198 2276 cum
2228 2219 2308 2278 eis
2333 2239 2408 2280 ex

250 2308 479 2368 Graecis
506 2308 605 2387 qui
638 2308 719 2368 ita
758 2309 995 2380 vellent,
1036 2309 1303 2388 excipere
1332 2299 1647 2368 Barbarum
1691 2295 1980 2368 Groeciam
2019 2309 2405 2374 invadentem.

248 2400 379 2462 Ista
399 2401 589 2478 igitur,
614 2421 746 2481 quse
765 2401 905 2474 dixi,
936 2401 1166 2461 oracula
1195 2392 1644 2462 Atheniensibus
1669 2391 2000 2464 evenerant.

337 2497 472 2554 145.
516 2494 825 2573 Postquam
868 2513 1003 2555 vero
1042 2495 1101 2552 in
1142 2513 1315 2554 unum
1354 2495 1548 2558 locum
1591 2515 1916 2557 convenere
1951 2497 2298 2578 quicumque
2339 2517 2412 2559 ex

250 2584 487 2646 Groecis
525 2585 811 2646 Graeciam
853 2585 1231 2646 incolentibus
1271 2586 1510 2646 meliora
1533 2587 1876 2660 sentiebant,
1906 2589 1988 2648 ibi
2028 2599 2151 2648 tum
2189 2591 2412 2652 collatis

250 2679 407 2738 inter
434 2697 499 2738 se
522 2681 895 2752 sermonibus,
924 2679 1155 2759 fideque
1182 2680 1336 2750 data,
1366 2680 1442 2739 de
1471 2680 1759 2740 communi
1783 2680 2018 2740 consilio
2043 2680 2277 2760 placuit,
2299 2683 2414 2763 pri-

252 2791 419 2832 mum
444 2791 635 2836 rerum
661 2773 909 2832 omnium
929 2791 1270 2850 componere
1288 2772 1610 2832 inimicitias
1629 2783 1690 2832 et
1705 2784 1904 2832 mutua
1916 2773 2090 2845 bella,
2115 2794 2245 2854 quse
2269 2774 2416 2835 inter
2467 2829 2470 2834 .
2553 2823 2560 2828 .

244 2862 411 2942 ipsos
436 2864 781 2924 obtinerent.
867 2865 1047 2924 Erant
1072 2875 1265 2922 autem
1282 2874 1345 2923 et
1362 2865 1514 2924 inter
1539 2865 1682 2924 alios
1709 2875 1974 2925 conserta
1998 2865 2194 2950 bella,
2231 2866 2416 2927 maxi-

256 2974 421 3016 mum
446 2975 585 3016 vero
604 2956 753 3015 inter
783 2955 1167 3016 Athenienses
1198 2965 1259 3016 et
1285 2955 1599 3034 AEginetaS.
1681 2957 1912 3018 Deinde
1936 2978 2093 3032 vero,
2123 2978 2298 3038 quum
2324 2978 2416 3020 re·

254 3047 561 3126 scivissent
588 3047 857 3109 Sardibus
886 3067 1019 3110 cum
1044 3049 1299 3108 exercitu
1326 3068 1454 3107 esse
1487 3048 1758 3122 Xerxem,
1782 3049 2002 3129 placuit
2027 3052 2417 3130 speculatores

260 3137 534 3201 mittere
518 3160 577 3199 ιιι
605 3140 825 3214 Asiam,
854 3141 951 3220 qui
973 3161 1067 3200 res
1104 3141 1261 3221 regis
1287 3141 1690 3220 explorarent:
1733 3151 1855 3201 tum
1882 3153 1942 3202 et
1971 3142 2164 3224 Argos
2192 3143 2416 3204 mittere

260 3233 509 3310 legatos,
530 3233 869 3294 societatem
888 3234 1158 3294 adversus
1177 3233 1383 3293 Persas
1410 3224 1840 3303 conciliaturosg'
1865 3235 2004 3294 item
2031 3235 2170 3295 alios
2191 3235 2250 3294 in
2273 3235 2418 3296 Siei-

260 3325 401 3384 liam
440 3324 669 3384 mittere
702 3325 781 3384 ad
821 3325 1108 3386 Gelonem
1149 3326 1498 3389 Dinomenis
1539 3326 1736 3398 filium,
1756 3339 1818 3387 et
1856 3326 1916 3386 in
1957 3329 2296 3409 Corcyram,
2322 3331 2422 3409 qui

262 3415 487 3476 auxilia
510 3415 737 3476 Graecis
758 3416 1041 3476 mittenda
1064 3419 1456 3497 postularentg
1494 3419 1741 3499 denique
1767 3419 1907 3479 alios
1928 3420 1987 3479 in
2009 3422 2244 3482 Cretam
2265 3447 2282 3482 ι
2307 3423 2422 3483 hoc

262 3511 529 3588 consilio,
551 3523 638 3580 ut,
662 3510 710 3570 si
728 3512 850 3571 fieri
868 3524 1078 3592 posset,
1096 3512 1157 3572 in
1174 3528 1349 3573 unum
1370 3515 1722 3574 coalesceret
1740 3515 2009 3576 Groecum
2032 3537 2200 3579 omne
2215 3539 2424 3598 genus,

266 3602 582 3684 cunctique
608 3604 924 3663 concordes
939 3605 1154 3681 junctis
1180 3617 1424 3684 agerent
1447 3606 1694 3682 viribuS,
1675 3620 1693 3646 ¹·
1733 3608 1944 3688 quippe
1965 3611 2186 3670 cunctis
2209 3611 2427 3690 pariter

274 3696 501 3756 Graecis
524 3695 856 3756 imminente
868 3698 1154 3777 periculo.
1235 3699 1590 3759 Dicebantur
1616 3709 1810 3760 autem
1837 3721 2163 3781 permagnus
2190 3721 2316 3764 esse
2335 3723 2424 3764 res
2449 3746 2454 3754 ,

269 3787 530 3861 Gelonis,
558 3789 741 3848 multo
766 3789 1067 3868 ampliores
1086 3809 1265 3872 quam
1282 3790 1452 3851 ullius
1469 3791 1674 3870 populi
1701 3771 1914 3856 Graeci.

356 3885 493 3942 146.
536 3879 648 3940 His
684 3881 783 3940 ita
807 3882 1072 3953 decretis,
1088 3883 1371 3971 depositis
1410 3882 1735 3956 inimicitiis,
1758 3885 2002 3965 primum
2040 3888 2427 3966 speculatores

273 3972 511 4033 mittunt
534 3971 594 4032 in
596 3973 843 4046 Asiam,
870 3986 990 4034 tres
1014 3977 1182 4044 viros.
1224 3977 1337 4041 Qui
1360 3975 1662 4054 postquam
1693 3978 1904 4038 Sardes
1931 3991 2230 4052 venerunt,
2260 4000 2430 4040 exer·

252 4067 571 4146 citumque
612 4067 978 4145 explorarunt
1002 4068 1176 4146 regis,
1204 4067 1550 4147 deprehensi
1572 4090 1609 4129 a
1646 4062 1886 4129 ducibus
1925 4071 2213 4150 copiarum
2253 4073 2430 4150 pede-

180 4219 189 4228 ,
272 4159 494 4230 atrium,
534 4160 806 4239 tortique,
844 4161 1271 4220 abducebantur
1313 4156 1595 4242 supplicio
1633 4161 1975 4244 adficiendi:
2034 4162 2240 4241 capitis
2280 4163 2432 4224 enim

252 4264 443 4313 ‚erant
476 4252 751 4312 damnati.
832 4252 1004 4320 Quod
1038 4253 1139 4312 ubi
1176 4253 1401 4316 Xerxes
1443 4254 1690 4336 rescivit,
1718 4254 2036 4334 improbata
2067 4253 2274 4313 ducum
2303 4273 2433 4314 sen·

250 4344 479 4416 .tentia‚
522 4344 833 4406 satellitum
885 4345 1187 4414 nonnullos
1226 4346 1377 4406 misit
1421 4352 1619 4424 jussos·
1653 4345 1738 4406 ad
1783 4365 1846 4426 se
1887 4346 2176 4408 adducere
2231 4367 2436 4429 specu-

274 4439 511 4510 latores,
532 4437 579 4498 si
608 4435 765 4498 vivos
804 4437 980 4500 etiam.
1015 4457 1167 4500 nunc
1208 4439 1359 4500 nacti
1401 4440 1616 4501 essent.
1699 4439 1813 4507 Qui
1855 4459 2032 4520 quum
2072 4439 2199 4502 illos
2238 4459 2436 4522 super-
