2817 4792
1137 268 1480 359 mmm.
2256 284 2381 368 ιιι

179 408 630 487 ,Praemia-⁹,
661 410 857 495 [sive
839 431 888 483 ιε
916 401 1352 495 ΡεαηπηπίηἰτπιεᾹ
1381 407 1672 491 Amasidis
1702 405 1871 482 filius,
1912 360 2239 495 Cambysen
2278 429 2381 485 ex-

185 518 504 583 spectans.
563 502 696 564 Nec
713 504 875 565 enim
895 504 956 561 in
975 502 1115 569 vivis
1133 502 1374 583 amplius
1396 501 1508 560 fuit
1534 485 1764 581 Amasis
1782 521 1899 584 quo
1919 513 2178 580 tempore
2202 502 2379 596 AEgy-
2400 501 2405 505 ’

179 609 380 677 ptum
420 612 556 675 'cum
585 598 846 673 exercitu
876 596 1193 676 Cambyses
1237 594 1472 656 invasit·
1510 572 1618 653 sed
1650 594 1779 653 vita
1802 594 2033 653 functus
2061 604 2203 666 erat,
2227 604 2383 675 post·

193 710 390 768 quam
418 701 668 769 quatuor
692 701 752 748 et
778 686 1159 767 quadraginta
1183 706 1364 747 annos
1387 696 1705 773 regnasset,
1729 686 1879 744 intra
1905 706 2050 765 quos
2078 686 2293 758 nullum
2323 684 2379 762 ei

189 800 486 867 magnum
525 777 954 857 incommodum
985 778 1330 841 acciderat.
1381 778 1651 851 Mortuus
1688 778 2085 878 conditusque³
2108 756 2374 859 sepultus

175 860 376 940 ‘erat
361 892 420 929 m
463 870 741 975 sepulcris
783 891 912 959 quae
952 869 1012 928 in
1039 870 1252 949 templo
1292 870 1418 952 ipse
1444 868 1828 935 construenda
1857 868 2173 945 curaverat.
2255 870 2378 930 Re-

186 972 428 1041 gnante
474 982 610 1027 vero
639 962 700 1022 in
724 964 980 1041 AEgypto
1005 960 1419 1039 Psammenito,
1452 958 1761 1023 maximum
1788 960 2113 1039 prodigium
2155 960 2371 1021 accidit
2440 970 2445 975 '

179 1042 542 1135 AEgyptiis:
583 1055 811 1141 pluerat
840 1052 1056 1113 Thebis
1087 1052 1386 1133 AEgyptiis,
1417 1052 1577 1133 quod
1602 1072 1909 1131 numquam
1936 1072 2049 1113 nec
2064 1064 2229 1125 ante,
2256 1072 2374 1118 neo

188 1158 339 1225 post
367 1145 432 1205 id
472 1157 700 1254 tempus
723 1143 802 1205 ad
828 1164 1016 1206 meam
1043 1164 1225 1225 usque
1252 1154 1483 1203 aetatem
1510 1144 1737 1216 accidit,
1759 1156 1824 1204 ut
1850 1144 1958 1223 ipsi
1985 1145 2185 1210 dicunt
2212 1143 2369 1204 The-

181 1240 359 1311 bani.
445 1232 645 1301 Nam
629 1260 688 1299 ιιι
713 1238 1097 1319 superioribus
1135 1234 1380 1317 AEgyp‘ti
1416 1238 1649 1297 omnino
1688 1258 1808 1303 non
1846 1235 2003 1301 cadit
2028 1238 2264 1327 pluvia.
2302 1246 2372 1302 at

187 1342 344 1391 tunc
372 1331 514 1411 ipsis
543 1332 761 1391 Thebis
790 1331 938 1410 pluit
959 1330 1232 1391 stillatim.

274 1427 377 1486 11.
423 1422 638 1494 Persae,
662 1423 992 1485 transmissa
1011 1421 1248 1499 regione
1275 1420 1487 1503 aquis
1467 1431 1722 1499 carente,
1751 1440 1926 1501 quum
1952 1431 2142 1482 castra
2168 1404 2368 1487 castris

175 1508 608 1607 ‘AEgyptiorum
637 1516 1058 1605 opposuissem,
1090 1514 1168 1573 ad
1185 1513 1674 1593 congrediendum
1696 1514 2189 1595 parati31b1tunc
2210 1514 2371 1577 auxi-

179 1600 364 1683 ‚liares
385 1627 558 1688 reges
581 1604 838 1687 AEgypti‚
860 1607 1058 1667 Graeci
1078 1606 1335 1666 homines
1357 1618 1419 1665 et
1440 1606 1641 1675 Cares,
1664 1604 1943 1686 indignati
1964 1606 2123 1685 quod
2136 1584 2371 1667 Phanes

194 1710 509 1760 externum
535 1700 854 1759 exercitum
883 1700 944 1757 in
973 1700 1288 1779 AEgyptum
1317 1697 1598 1768 duxisset,
1621 1696 1739 1756 tale
1764 1698 2040 1756 adversus
2067 1717 2199 1757 θιιιιι
2223 1698 2373 1759 fa‘ci-

193 1810 313 1851 nus
337 1789 758 1866 machinantur.
841 1790 1015 1851 Filios
1038 1791 1308 1850 habebat
1315 1788 1611 1859 Phanes,
1595 1810 1655 1846 m
1682 1790 1938 1879 AEgypto
1964 1789 2236 1850 relictos.
2276 1790 2369 1849 his

188 1882 254 1941 in
281 1894 479 1952 castra
505 1896 566 1943 et
589 1884 652 1941 in
679 1890 1057 1961 conspectum
1081 1881 1258 1961 patris
1285 1880 1603 1960 perductis,
1648 1891 1928 1938 craterem
1955 1880 2017 1937 in
2041 1876 2233 1947 medio
2261 1902 2369 1960 po-

187 1968 366 2033 suere
389 1986 760 2052 utrorumque
788 1984 1126 2045 castrorum,
1147 1984 1208 2032 et
1233 1972 1552 2053 productos
1580 1970 1834 2048 singulos
1863 1969 2140 2069 deinceps
2156 1992 2365 2051 pueros

191 2062 371 2144 super
394 2076 618 2140 cratere
645 2064 1002 2125 mactarunt.
1025 2076 1193 2140 tunc,
1201 2062 1493 2147 jugulatis
1511 2062 1750 2133 cunctiS‚
1770 2063 1964 2121 vinum
1992 2073 2054 2122 et
2080 2082 2287 2143 aquam
2303 2066 2365 2125 in

185 2151 480 2232 craterem
528 2152 844 2235 ingessere,
881 2156 1331 2236 sanguinemque
1365 2155 1595 2215 illorum
1624 2164 1898 2235 potarunt
1936 2154 2213 2215 auxiliarii
2242 2176 2365 2222 om·-

187 2268 316 2321 ιιθε,
338 2260 511 2343 atque
522 2246 611 2307 ita
626 2248 702 2307 ad
718 2248 1094 2341 pugnandum
1113 2247 1404 2327 progressi
1426 2257 1579 2315 sunt.
1662 2247 1800 2307 Acri
1812 2248 2125 2325 commisso
2139 2249 2363 2355 praelio,

189 2338 502 2421 postquam
529 2336 897 2420 utrorumque
921 2360 1130 2419 magna
1155 2338 1466 2400 cecidisset
1498 2338 1827 2411 multitudo,
1854 2336 1932 2404 ad
1958 2351 2283 2423 extremum
2301 2340 2365 2401 in

193 2430 402 2511 fugam
425 2442 724 2491 vertuntur
751 2432 1072 2511 AEgyptiis

261 2529 374 2585 ’12
419 2522 635 2584 Miram
662 2544 800 2585 vero
828 2524 1140 2587 admodum
1165 2542 1288 2600 rem
1305 2520 1583 2603 equidem
1606 2520 1706 2582 hic
1731 2522 1867 2595 vidi,
1894 2523 2146 2584 monitus
2170 2524 2290 2589 ab
2270 2546 2359 2606 ιιι-

194 2616 444 2697 digenis.
523 2620 720 2684 Quum
747 2638 878 2687 ossa
905 2626 1290 2697 utrorumque,
1318 2616 1419 2717 qui
1458 2616 1518 2674 in
1544 2616 1615 2676 eo
1654 2616 1855 2695 praelio
1880 2595 2237 2692 ceciderunt,
2267 2638 2360 2677 se-

188 2708 441 2787 paratim
461 2719 742 2786 congesta
769 2708 902 2779 sint,
927 2708 1185 2789 (seorsim
1213 2707 1362 2768 enim
1380 2708 1662 2783 jacebant
1680 2706 1985 2770 Persarum
2014 2727 2161 2781 ossa,
2188 2708 2361 2775 sicuti

193 2800 354 2860 initio
371 2800 644 2859 distincta
666 2811 870 2870 erant:
911 2804 970 2859 et
994 2800 1147 2873 alibi,
1176 2820 1307 2859 ossa
1328 2798 1739 2879 AEgyptiorum
1759 2798 1801 2875 ι)
1828 2800 2139 2859 Persarum
2158 2798 2357 2871 crania

191 2892 274 2953 ita
289 2903 429 2967 sunt
453 2892 683 2965 debilia,
707 2904 791 2963 ut,
823 2893 872 2952 si
897 2912 1076 2953 unum
1103 2892 1383 2951 minutum'
1402 2889 1733 2950 calculum
1716 2911 1775 2949 ιιι
1802 2887 1875 2950 θα
1900 2891 2145 2951 volueris
2177 2888 2359 2980 conji-

187 2982 342 3075 cere,
367 2982 661 3061 perfores;
690 2984 1052 3064 AEyptiorum
1069 3002 1208 3043 vero
1227 2982 1308 3042 ita
1333 2993 1468 3041 sunt
1482 2980 1687 3052 valida,
1705 2985 1773 3040 ut
1798 2982 1991 3061 lapide
2006 2982 2341 3073 percutiens

189 3096 349 3155 aegre
395 3076 706 3155 diffringas.
790 3078 970 3153 Cujus
1004 3075 1089 3135 rei
1115 3094 1374 3135 caussam
1401 3074 1669 3133 dixerunt
1708 3092 1853 3157 esse,
1880 3066 2131 3153 mihique
2170 3073 2347 3163 facile

189 3179 614 3247 persuaserunt,
641 3168 799 3247 quod
821 3166 1084 3249 AEgyptii
1103 3164 1343 3247 apueris
1369 3166 1559 3225 statim
1576 3165 1769 3245 capita
1792 3164 2022 3239 radunt,
2048 3163 2203 3225 unde
2221 3156 2352 3229 ossa

183 3252 246 3316 in
277 3261 404 3334 sole
429 3259 578 3318 fiunt
605 3270 942 3339 compacta:
985 3280 1099 3338 qua
1129 3260 1203 3318 de
1232 3258 1437 3317 eadem
1466 3278 1668 3318 caussa
1692 3255 1759 3317 fit
1786 3256 1974 3331 etiam,
2000 3266 2066 3317 ut
2090 3278 2207 3343 non
2235 3238 2352 3321 cal-

183 3363 462 3429 vescant,
488 3352 686 3411 nullus
705 3352 858 3411 enim
878 3363 968 3412 est
991 3352 1259 3433 populus,
1285 3350 1443 3431 apud
1466 3370 1636 3429 quem
1656 3360 1774 3410 tam
1800 3370 1931 3411 raro
1958 3360 2131 3431 caput
2146 3352 2351 3413 videas

189 3443 434 3517 calvum,
466 3447 640 3524 quam
666 3444 819 3523 apud
849 3443 1170 3523 AEgyptios.
1250 3442 1364 3519 His
1388 3442 1557 3529 igitur
1595 3442 1725 3501 haec
1755 3462 1960 3502 caussa
1986 3453 2093 3517 est,
2120 3464 2221 3505 cur
2245 3464 2345 3506 va-

187 3534 306 3595 lida
333 3532 452 3602 sint
479 3554 672 3605 eornm
702 3536 915 3597 crania.
981 3534 1192 3595 Persis
1219 3544 1413 3593 autem
1438 3554 1541 3593 cur
1574 3534 1688 3594 sint
1718 3534 1955 3607 debilia,
1991 3556 2194 3613 caussa
2216 3538 2347 3601 haec

185 3637 290 3699 est,
319 3612 496 3707 quoti
509 3647 546 3685 a
569 3627 782 3705 pueris
783 3624 846 3686 in
871 3628 1078 3690 umbra
1101 3636 1422 3704 versantur,
1444 3624 1629 3705 pileos
1658 3636 1968 3703 gestantes,
1998 3648 2143 3707 quos
2170 3628 2343 3705 tiaras

185 3729 422 3792 vocant.
461 3716 650 3777 Haec
633 3718 804 3797 igitur
823 3704 982 3793 talia,
1009 3718 1201 3823 quaiia
1222 3717 1360 3789 dixi,
1391 3717 1659 3797 equidem
1680 3716 1830 3778 vidi.
1873 3718 1991 3779 vidi
2008 3740 2141 3793 vero
2163 3720 2341 3806 etiam

183 3806 268 3869 his
293 3809 501 3869 similia
520 3810 808 3889 Papremi,
827 3811 890 3871 in
907 3810 1019 3876 illis
1044 3811 1142 3891 qui
1162 3830 1298 3873 cum
1322 3808 1885 3886 Achaemene,Darii
1910 3810 2047 3889 filio,
2066 3812 2138 3873 ab
2166 3790 2338 3873 Inaro

185 3903 335 3963 Afro
357 3903 538 3963 occisi
563 3916 718 3965 sunt.
1924 3938 1929 3941 ·

167 4002 176 4017 “
257 4001 356 4067 13.
398 3994 664 4103 AEgyptii
691 4016 769 4057 ex
808 3998 1032 4078 praelio,
1059 4007 1126 4057 ut
1151 3994 1322 4080 terga
1345 4004 1568 4061 vertere
1596 3986 1787 4073 coacti
1811 3992 1959 4085 sunt,
1989 3996 2169 4059 effusa
2182 3994 2335 4079 fuga

178 4106 245 4147 se
277 4088 636 4195 proripuere.
712 4088 834 4157 Qui
873 4109 1050 4171 qunm
1073 4090 1379 4179 Memphin
1416 4100 1613 4183 essent
1640 4072 1939 4167 compulsi,
1962 4084 2156 4169 ibique
2199 4110 2337 4174 0911-

178 4180 340 4253 clusi,
361 4178 519 4255 misit
537 4178 614 4241 ad
636 4201 736 4241 eos
755 4200 861 4262 per
881 4175 1097 4241 flumen
1125 4168 1459 4261 Cam-byses
1470 4176 1675 4241 navem
1698 4178 2149 4261 Mitylenaeam,
2132 4200 2191 4239 m
2216 4201 2334 4265 qua

177 4284 302 4333 erat
323 4271 682 4353 eaduceator
687 4295 916 4371 genere
945 4274 1141 4347 Persa,
1185 4273 1281 4355 qui
1307 4274 1381 4335 ad
1410 4273 1763 4334 deditionem
1786 4270 2115 4378 faciendam
2138 4272 2332 4359 horta-

176 4374 332 4428 retur
332 4354 694 4449 Egyptios.
757 4360 846 4457 At
870 4360 984 4463 illi,
989 4365 1100 4429 ubi
1113 4385 1320 4433 narem
1343 4364 1539 4460 vident
1561 4352 1891 4449 Memphin
1887 4350 2232 4456 intrantem,
2244 4350 2325 4428 'de

1249 4474 1290 4519 τ
