2817 4792
990 303 1630 382 ΤΕιιΡειῦΗοιιιι.
1683 329 1688 337 ·
2237 303 2354 382 273

112 517 120 520 Δ
161 455 297 521 quo
330 441 459 521 regi
488 441 670 502 Dario
708 451 935 504 crearet
961 444 1321 506 molestiam.
1360 447 1652 507 bominem
1677 443 1831 504 misit
1855 443 1918 504 in
1945 440 2254 525 Phrygiam
2281 446 2366 506 ad
2429 491 2437 498 .

162 533 428 594 Poeones
454 533 605 604 illos,
635 534 741 612 qui
774 554 811 594 a
852 533 1159 614 Strymone
1199 537 1375 598 fluvio
1417 537 1630 618 captivi
1671 535 1904 598 abducti
1943 555 1980 600 a
2009 537 2363 624 Megebezo,

162 625 483 704 regionem
502 625 811 704 vicumque
838 625 1111 705 Phrygius
1130 623 1373 688 seorsim
1395 628 1754 688 habitabant.
1833 607 1925 688 Ad
1947 647 2092 706 quos
2114 626 2213 688 ubi
2228 645 2360 707 per.

161 716 338 776 venit
365 717 613 794 legatus.
630 715 721 776 his
740 716 929 778 verbis
945 737 1078 778 eum
1095 719 1185 778 eis
1206 719 1402 797 egit-⁸
1408 719 1758 780 ‘Paeones!”
1785 719 2034 798 inquitst
2041 718 2232 780 ‘misit
2259 738 2358 802 me

156 809 555 886 Aristagoras
576 807 768 869 Mileti
788 819 1090 888 tyrannus,
1129 821 1195 870 ut
1220 810 1422 870 salutis
1463 811 1634 883 viam,
1659 811 1708 870 si
1737 812 2130 890 obtemperare
2157 811 2357 872 volue-

158 899 313 970 ritis,
338 900 505 960 vobis
526 899 846 960 ostendum.
930 901 1165 962 Etenim
1191 897 1357 963 Ionia
1380 921 1536 976 nunc
1561 902 1832 962 universa
1858 901 2102 964 descivit
2127 922 2164 987 a
2189 917 2352 982 rege,

160 990 435 1070 licetque
462 991 623 1050 vobis
642 991 812 1051 salvis
840 993 901 1052 in
922 992 1163 1074 petriam
1184 993 1377 1054 redire
1392 1005 1658 1055 vestram.
1742 993 1841 1055 Ad
1858 1011 2016 1055 mere
2039 994 2268 1074 quidem
2287 1005 2352 1054 ut

156 1075 537 1160 perveniatid,
568 1102 669 1144 vos
688 1084 795 1164 ipsi
812 1085 1133 1148 curabitis:
1174 1085 1393 1164 relique
1417 1079 1584 1146 nobis
1610 1103 1769 1145 curse
1789 1095 1980 1146 erunt.
1985 1085 2018 1109 ’⁹
2107 1085 2222 1146 His
2247 1107 2350 1146 eu-

162 1173 327 1246 ditis,
366 1173 548 1236 laetati
574 1175 885 1238 admodum
914 1177 1179 1248 Poeones,
1194 1195 1341 1236 curn
1364 1175 1562 1237 liberis
1589 1187 1652 1240 et
1691 1177 1972 1236 uxoribus
1999 1175 2073 1236 ad
2099 1197 2258 1240 mere
2282 1197 2349 1238 se

158 1264 315 1344 fuga
338 1279 724 1346 receperunt·
767 1269 1027 1329 nonnulli
1050 1279 1247 1340 temen
1272 1287 1345 1328 ex
1373 1269 1612 1339 eisdem,
1653 1279 1812 1328 metu
1839 1267 2074 1352 retenti,
2110 1257 2244 1342 loeo
2284 1288 2356 1332 se

158 1377 289 1420 non
322 1369 679 1424 moverunt.
727 1360 1041 1440 Postquam
1066 1360 1145 1420 ad
1172 1379 1331 1420 mere
1351 1379 1670 1440 pervenere
1687 1359 1952 1431 Paeones,
1981 1313 2196 1422 Chium
2215 1360 2349 1420 inde

161 1455 475 1525 trajecere.
559 1454 906 1531 Quumque
881 1471 1001 1530 jam
1029 1452 1088 1512 in
1120 1452 1271 1514 Chio
1286 1464 1500 1522 essent,
1531 1451 1824 1530 evestigio
1851 1451 2010 1512 venit
2039 1451 2346 1540 Persarum

162 1542 433 1620 equitum
474 1559 687 1622 magna
705 1564 927 1616 manus,
968 1545 1101 1604 illos
1124 1545 1631 1624 prosequentium·
1675 1544 1774 1624 qui
1811 1544 1912 1604 ubi
1943 1543 2188 1604 Poeones
2227 1531 2346 1604 ιιοιι

164 1643 307 1692 sunt
327 1635 645 1707 consecuti,
678 1636 893 1696 Chium
921 1635 1213 1709 miserunt,
1244 1638 1317 1697 ab
1346 1637 1572 1715 illisque
1599 1645 1664 1696 ut
1690 1636 1941 1696 redirent
1969 1635 2344 1716 postularunt.

166 1725 295 1787 Sed
332 1726 435 1799 illi,
462 1728 811 1807 propositam
850 1729 1141 1808 aspernati
1175 1729 1597 1800 conditionem,
1640 1748 1678 1787 e
1715 1727 1874 1787 Chiis
1901 1727 2160 1787 Lesbum
2204 1741 2342 1788 sunt

164 1817 508 1892 transducti,
536 1820 849 1901 Lesbiique
870 1841 973 1882 eos
1002 1821 1305 1882 Doriscum
1326 1811 1714 1899 traj'ecerunt·
1743 1821 1878 1880 inde
1905 1819 2148 1900 pedibus
2173 1820 2343 1882 rede-

165 1921 361 1981 untes,
384 1911 445 1972 in
468 1912 765 1974 Paeoniam
786 1926 1193 1992 pervenerunt.
1264 1939 1269 1944 ·

244 2009 350 2066 99.
390 2005 625 2065 Interim
663 2005 1053 2068 Athenienses
1080 2026 1211 2066 cum
1246 2007 1450 2086 vig-inti
1490 1985 1732 2068 navibus
1774 2007 2044 2070 Miletum
2083 2009 2334 2072 advene

164 2107 323 2168 runt,
344 2117 491 2176 quas
517 2099 908 2178 sequebantur
934 2099 1184 2177 quinque
1211 2100 1476 2160 triremes
1495 2099 1927 2163 Eretriensium.
1988 2089 2092 2162 Et
2119 2101 2341 2164 Eretri-

164 2201 337 2250 enses
365 2191 604 2270 quidem
626 2210 745 2252 non
764 2191 1197 2254 Atheniensium
1227 2193 1414 2272 gratie
1446 2193 1584 2254 huie
1603 2211 1668 2254 se
1693 2194 2082 2270 adiunxerant
2103 2193 2336 2280 expedi·

165 2280 333 2353 tieni,
350 2283 509 2342 '’sed
486 2282 625 2361 ipsis
648 2283 915 2348 Milesiis
931 2294 1159 2362 gratum
1188 2281 1420 2357 facturi,
1439 2284 1900 2366 beneficiumque
1919 2287 1994 2346 ab
2028 2286 2136 2346 illis
2167 2305 2341 2348 ecce-

162 2384 337 2452 ptum
360 2375 763 2454 rependentes.
796 2375 1081 2454 Namque
1110 2376 1327 2438 Milesii
1342 2377 1499 2458 prius
1523 2377 1736 2438 sociam
1753 2359 2178 2440 Eretriensibus
2205 2399 2344 2460 ope-

163 2485 293 2526 ram
320 2466 383 2524 in
398 2467 561 2526 bello
602 2483 757 2527 cum
778 2465 1255 2532 Chalcidensibus
1290 2469 1696 2550 praestiterunt,
1719 2488 1864 2552 quo
1868 2459 2164 2554 tempore
2162 2469 2341 2534 Samii

166 2559 645 2628 Chalcidensibus
686 2541 961 2623 adversus
988 2559 1353 2622 Eretrienses
1392 2573 1456 2622 et
1493 2560 1756 2638 Milesios
1791 2560 2064 2622 miserant
2103 2547 2341 2648 auxilia.

164 2641 559 2716 Athenienses
584 2652 756 2732 igitur
780 2653 1081 2761 postquam
1110 2654 1399 2714 advenere
1429 2673 1563 2713 cum
1593 2651 2040 2726 Eretriensibus,
2065 2643 2244 2740 quum
2273 2665 2336 2716 et

161 2743 371 2824 reliqui
390 2746 661 2806 adessent
677 2747 839 2816 socii,
860 2745 1290 2826 expeditionem
1310 2748 1584 2806 adversus
1607 2746 1822 2806 Sardes
1841 2745 2096 2826 suscepit
2118 2745 2340 2806 Arista-

160 2855 369 2916 goras.
410 2839 495 2900 ita
512 2840 745 2918 quidem
775 2848 841 2898 ut
864 2838 923 2896 in
948 2837 1210 2898 bellum
1190 2860 1325 2920 ipse
1350 2850 1469 2899 non
1497 2836 1983 2918 proficisceretur,
2009 2837 2113 2897 sed
2144 2835 2336 2896 Mileti

160 2941 446 3000 muneret,
474 2933 819 2994 constitutis
848 2930 975 2993 aliis
998 2933 1295 3040 copiarum
1329 2931 1594 3000 ducibus,
1641 2925 1840 2990 franc
1843 2948 1950 2988 suo
1980 2927 2334 3010 Charopino,

161 3032 223 3081 et
248 3041 323 3082 ex
348 3023 699 3103 reliquorum
718 3045 957 3086 numero
984 3025 1195 3087 civium
1224 3021 1685 3100 HermophantO.

242 3119 381 3176 100.
424 3116 561 3176 Hac
588 3112 775 3178 classe
813 3135 987 3196 quum
1026 3115 1321 3194 Ephesum
1348 3113 1741 3220 pervenissent
1767 3109 1964 3184 Iones,²
1983 3111 2206 3174 relictis
2229 3103 2335 3174 na·

154 3207 325 3270 vibus·
344 3207 622 3269 Coressi
606 3229 665 3268 ιιι
690 3208 899 3270 finibus
928 3207 1335 3287 Ephesiorum,
1342 3205 1466 3286 ipsi
1491 3222 1702 3284 magna
1724 3225 1898 3264 manu
1917 3204 2328 3278 ascenderunt,

156 3298 265 3359 vise
302 3299 567 3362 ducibus
578 3313 820 3364 utentes
850 3300 1137 3380 Ephesiis.
1220 3298 1554 3360 Secundum
1581 3281 1907 3380 Caystrium
1936 3297 2152 3358 flumen
2195 3317 2334 3380 pro-

158 3391 363 3470 gressi,
389 3393 527 3454 inde
552 3405 860 3473 superato
866 3386 1079 3454 Tmolo
1110 3391 1325 3452 Sardes
1348 3409 1708 3470 pervenere,
1747 3399 1808 3450 et
1845 3374 2045 3450 urbem
2059 3391 2335 3474 capiunt,

156 3486 388 3568 nemine
410 3497 617 3546 eontra
636 3487 995 3566 prodeunte:
1038 3502 1249 3564 nempe
1276 3483 1498 3562 reliqua
1515 3482 1710 3562 omnia
1727 3493 2102 3566 occuparunt·
2113 3495 2328 3563 proeter

156 3594 393 3657 arcem:
446 3589 655 3640 arcem
667 3599 807 3640 vero
832 3579 959 3660 ipse
988 3577 1385 3657 Artaphernes
1415 3595 1548 3636 cum
1575 3575 1732 3636 haud
1767 3575 1978 3654 exigua
2002 3576 2060 3634 vi
2085 3566 2326 3636 militurn

154 3674 469 3735 tutabatur-5
1022 3720 1029 3732 .

234 3770 376 3826 101.
415 3768 555 3832 Quo
594 3767 779 3828 minus
818 3785 957 3827 vero
983 3777 1209 3846 ceptum
1250 3763 1497 3844 diripere
1533 3749 1772 3843 possent
1805 3741 2028 3832 urbem,
2058 3762 2186 3822 hoec
2224 3745 2320 3822 res

152 3856 264 3916 fuit
300 3857 783 3937 impedimento.-
818 3860 1004 3920 Erant
1045 3857 1317 3921 Sardibus
1363 3858 1658 3939 pleraeque
1687 3857 1892 3916 domus
1932 3873 2006 3916 ex
2043 3854 2323 3915 arundine

154 3961 549 4023 constructae,
575 3970 953 4043 quaecumque
978 3971 1117 4019 vero
1146 3951 1318 4012 etiam
1346 3969 1422 4009 ex
1437 3949 1732 4020 lateribus
1756 3967 1952 4008 earum
1980 3958 2136 4008 tectu
2152 3966 2322 4026 erun·

150 4045 327 4106 dinen
346 4051 532 4106 erant.
614 4047 843 4108 Harum
867 4055 1043 4110 unam
1063 4063 1247 4124 quum
1270 4042 1625 4136 incendisset
1651 4041 1882 4122 quidam
1910 4059 1987 4100 ex
2030 4019 2321 4108 militibus,

152 4137 427 4197 continuo
455 4139 531 4198 de
558 4138 776 4198 domo
760 4159 821 4198 ιιι
850 4139 1086 4199 domum
1116 4147 1409 4239 grassatus
1435 4134 1608 4213 ignis,
1639 4133 1962 4212 universam
1996 4133 2195 4190 urbem
2226 4130 2324 4189 de·
2423 4170 2430 4176 -

152 4229 799 4309 pescebet.A1-dente
818 4217 982 4303 urbe,
1007 4229 1160 4308 Lydi
1186 4239 1247 4288 et
1275 4228 1626 4308 quicumque
1656 4207 1883 4284 Perss'e
1868 4243 1928 4282 ιιι
1957 4223 2099 4306 urbe
2128 4232 2316 4292 erant,

151 4321 407 4401 undique
448 4321 765 4393 interclusi,
792 4332 999 4402 utpote
1046 4331 1309 4380 extreme
1334 4321 1672 4378 absumente
1709 4313 1995 4398 incendio,
2031 4313 2092 4372 in
2131 4311 2320 4374 forum

152 4413 561 4476 confluxerunt
580 4414 681 4476 ad
686 4415 982 4478 Pactolum
1000 4411 1280 4474 fluvium:
1323 4411 1422 4490 qui
1442 4407 1646 4469 fluvius
1677 4408 1802 4468 euri
1827 4417 2092 4470 ramenta
2116 4403 2226 4464 illis
2249 4421 2326 4466 ex

1169 4508 1209 4564 2
1250 4521 1293 4562 ιι
