2817 4792
471 267 586 335 ιω
875 278 918 321 a
964 230 973 237 ’
1059 232 1501 327 nssaon'o‘rl
1548 258 1882 319 iusi-011.
1913 259 2049 317 ιιι·

467 388 627 469 quoti
650 387 780 451 viris
803 388 925 449 viri.
967 388 1120 449 Nam
1145 400 1226 459 et,
1253 388 1352 469 qui
1377 388 1457 447 ad
1482 396 1839 449 senectutem
1863 388 2143 468 pervenit,
2168 404 2303 451 eum
2328 398 2607 460 mactant,

468 500 768 560 carneque.
779 483 906 557 ejus
931 489 1270 543 vescuntur:
1313 478 1470 539 haud
1496 479 1661 539 multi
1678 489 1869 539 autem
1890 478 2115 539 illorum
2140 498 2210 537 eo
2227 480 2573 558 ‚perveniunt
2591 503 2617 548 ;

463 595 598 637 nam
617 585 790 637 antea
809 586 1230 651 quemcumque
1249 572 1453 633 morbo
1468 572 1719 649 quodam
1746 582 2075 650 correptum
2086 571 2446 635 interficiunt.
2554 630 2561 637 .

546 672 681 729 loo.
721 665 986 725 Aliorum
1012 663 1288 721 Indorum
1313 662 1459 725 alius
1480 680 1603 721 mos
1628 672 1718 721 est
1743 662 2087 745 hujusmodi.
2169 662 2305 727 Nec
2330 661 2613 723 occidunt

463 758 772 819 animatum
799 755 1129 833 quidquam,
1158 772 1268 813 nec
1289 762 1605 811 sementem
1633 751 1871 821 faciunt,
1898 771 2007 811 nec
2032 751 2235 815 domos
2258 754 2449 813 solent
2464 772 2610 831 pos-e

460 850 676 911 sidere:
705 847 898 908 herbis
919 856 1263 914 vescuntur3
1305 854 1509 922 estque
1534 843 1615 903 eis
1634 842 2157 921 seme-quoddam,
2178 844 2319 907 milii
2342 846 2460 907 fere
2476 862 2605 903 ma-

461 938 774 1020 gnit-:dinei
793 937 1049 995 folliculo
1069 936 1374 1007 inclusum,
1399 944 1605 1013 sponte
1630 952 1665 994 e
1680 944 1835 997 terra
1846 954 2107 1007 nameus,
2132 938 2291 1014 quod
2306 936 2613 1013 colligunt,

457 1044 520 1093 ct
535 1050 665 1091 cum
692 1027 952 1088 folliculo
977 1025 1188 1085 elixum
1215 1026 1545 1087 comedunt.
1589 1024 1653 1085 Si
1672 1025 1799 1105 quis
1814 1045 1889 1085 ex
1908 1024 1991 1085 eis
2018 1025 2077 1085 in
2094 1028 2357 1087 morbum
2381 1027 2611 1096 incidit,

459 1122 584 1183 &it
605 1120 666 1179 in
689 1120 1004 1188 desertum,
1021 1116 1212 1193 ibique
1223 1114 1417 1193 jacet:
1442 1135 1635 1194 neque
1662 1114 2091 1197 quisquam.aut
2113 1127 2397 1179 mortuum
2419 1128 2607 1188 curat,

459 1220 562 1273 aut
573 1218 878 1288 egrotum.
1085 1234 1092 1241 ·
2594 1262 2605 1271 ,

472 1328 484 1337 -
511 1334 518 1359 :
545 1307 682 1367 101.·
721 1299 942 1360 Omnes
967 1296 1050 1368 hi,
1079 1316 1222 1377 quos
1249 1296 1713 1367 commemoravi,
1738 1296 1875 1357 Indi
1899 1297 2141 1358 foeminis
2166 1299 2477 1361 miscentur
2494 1320 2607 1380 puae

457 1394 630 1464 biice',
655 1389 832 1453 veluti
851 1388 1141 1468 pecude„
1181 1398 1242 1449 et
1267 1389 1521 1449 colorem
1546 1388 1762 1449 habent
1786 1388 2029 1449 similem
2050 1390 2307 1453 maxime
2332 1392 2603 1471 AEthioph

457 1486 586 1545 bus.
667 1482 880 1543 semen
905 1489 1094 1541 autem
1120 1480 1370 1559 ipsorum
1395 1479 1651 1559 genitale
1672 1498 1811 1552 non,
1836 1481 2325 1559 quemadmodum
2360 1485 2635 1557 alioruin:⁴

456 1574 772 1644 hominum‚
810 1572 1004 1633 album
1029 1579 1136 1643 est,
1171 1570 1280 1632 sed
1313 1569 1559 1649 nigrum.
1584 1570 1735 1631 sicut
1774 1572 2035 1649 corporis,
2060 1573 2262 1633 color:
2303 1575 2423 1635 tale
2448 1595 2604 1635 ⁴veru.

455 1668 630 1729 etism
647 1675 847 1725 'semen
869 1662 1120 1741 genitale
1137 1662 1437 1741 AEthiopes
1450 1661 1647 1723 edunt.
1728 1661 1813 1723 Hi
1837 1662 1969 1725 Indi
1986 1662 2215 1741 longius
2237 1658 2274 1724 a
2290 1665 2477 1727 Persis
2496 1668 2599 1729 ha·

450 1758 656 1828 bitant,
675 1754 969 1817 meridiem
984 1772 1217 1823 versus,
1202 1777 1216 1793 ·
1255 1772 1445 1831 neque
1471 1772 1739 1832 umquam
1760 1754 1921 1815 Darii
1941 1766 2248 1833 paruerunt
2264 1756 2517 1836 imperio.

535 1853 672 1911 102.
711 1846 830 1907 Alii
850 1865 988 1906 vero
1015 1844 1148 1903 Indi
1173 1844 1498 1924 Caspatyro
1525 1844 1651 1905 urbi
1676 1855 1738 1903 et
1758 1844 2055 1924 Pactyicae
2082 1847 2299 1925 regioni
2318 1860 2455 1923 sunt
2476 1849 2604 1907 fini-

452 1940 596 2012 timi,
621 1960 682 1999 a
693 1937 1110 2027 septemtrione
1147 1936 1490 2015 reliquorum
1518 1935 1792 1995 Indorum
1830 1936 2176 2009 habitantes,
2198 1939 2297 2017 qui
2336 1941 2469 1999 vites
2500 1960 2601 2001 ra-

449 2032 606 2092 tione
649 2038 892 2088 utuntur
919 2013 1243 2087 Bactrianis
1285 2026 1471 2087 simili.
1552 2025 1639 2086 Hi
1676 2036 1809 2087 sunt
1848 2027 2123 2087 Indorum
2160 2029 2637 2103 bellicosissimi„

449 2122 736 2198 iidemque
761 2117 862 2197 qui
885 2116 961 2177 ad
988 2116 1440 2196 conquirendum
1465 2134 1657 2177 aarum
1676 2118 2125 2196 proficiscuntur
2207 2122 2315 2181 Est
2338 2123 2491 2181 enim
2514 2123 2597 2183 ibi

405 2240 412 2245 ·
451 2213 682 2275 decena
697 2210 860 2288 regio
884 2220 1122 2289 propter
1147 2207 1445 2269 sabulum.
1469 2219 1531 2269 et
1554 2209 1615 2269 in
1632 2209 1749 2271 hoc
1766 2210 2029 2271 nimirum
2054 2211 2285 2273 deserto
2308 2224 2485 2301 atque
2506 2236 2599 2275 sa·-

355 2330 366 2341 ·
449 2304 598 2365 bulo
603 2301 1016 2380 stmtfomicoe,
1043 2299 1438 2379 magnitudine
1458 2319 1573 2359 non
1591 2300 1823 2379 quidem
1834 2312 1997 2361 tanta
2010 2312 2221 2379 quanta
2240 2323 2471 2377 canum,
2492 2306 2599 2367 sed

449 2407 648 2457 tamen
667 2396 896 2470 majores
922 2393 1196 2469 vulpam:
1235 2405 1475 2470 quarum
1490 2392 1777 2453 nonnullae
1803 2392 2033 2453 aluntur
2052 2393 2207 2477 apud
2226 2414 2429 2473 regem
2453 2397 2597 2457 Per-

449 2504 658 2555 sarum,
667 2486 745 2543 in
771 2485 872 2545 iila
894 2480 1129 2562 regione
1148 2502 1186 2544 a
1202 2482 1569 2545 venatoribus
1588 2494 1795 2563 captae.
1836 2484 1955 2547 Hm
1978 2484 2151 2562 igitur
2168 2485 2459 2567 formicae,
2475 2490 2599 2549 subc

448 2590 604 2639 terra
619 2575 958 2645 habitantes,
981 2584 1227 2653 egerunt
1245 2573 1509 2633 sabulum
1534 2575 1739 2635 eodem
1766 2576 1945 2635 modo
1970 2576 2120 2635 sicut
2138 2576 2197 2634 in
2214 2576 2451 2639 Graecia
2471 2579 2589 2639 for-

449 2669 652 2747 micae·
679 2668 894 2745 quibus
919 2665 1092 2743 etiam·
1113 2666 1305 2745 specie
1327 2666 1577 2743 corporis
1602 2666 1897 2727 simillimae
1922 2678 2079 2747 sunt..
2118 2667 2373 2727 Sabutum
2394 2681 2591 2731 autem

448 2760 606 2841 quod
643 2761 732 2819 ab
743 2758 854 2817 illis
887 2757 1158 2835 egeritur,
1200 2756 1494 2834 auriferum
1534 2767 1639 2816 est.
1718 2757 1813 2817 Ad
1846 2759 1963 2818 hoc
1995 2758 2169 2835 igitur.
2202 2758 2591 2837 colligendum

449 2850 766 2934 profecturi
807 2849 942 2907 Indi
981 2855 1232 2924 jungunt
1265 2844 1507 2951 quisque
1542 2857 1660 2908 tres
1693 2848 1976 2919 camelos,
2014 2848 2269 2907 funalem
2308 2851 2589 2932 utrimque

449 2962 686 3013 marem,
711 2940 810 3019 qui
833 2959 870 2999 a
895 2940 1076 2999 latere
1096 2938 1366 3020 trahant·
1350 2982 1367 3008 ,
1405 2938 1467 2995 in
1493 2938 1701 2996 medio
1708 2936 2015 3009 foeminam,
2042 2938 2183 2999 dans
2208 2958 2443 3018 operam
2464 2954 2531 3001 ut
2550 2962 2591 3003 a

447 3034 616 3115 pullis
643 3050 811 3111 quam
849 3025 1238 3091 recentissime
1263 3028 1411 3090 natis
1438 3028 1788 3087 abstractam
1820 3024 2070 3107 jungat:
2110 3028 2261 3089 hanc
2294 3030 2423 3109 ipse
2448 3052 2585 3093 con-

446 3122 688 3187 scendit.
769 3122 915 3183 Sunt
941 3108 1094 3181 enim
1126 3120 1332 3181 cameli
1357 3119 1519 3197 equis
1544 3116 1847 3179 velocitate
1872 3138 1989 3179 non
2012 3119 2327 3199 inferiores,
2351 3121 2587 3204 insuper

445 3235 580 3275 vero
599 3214 678 3275 ad
701 3193 878 3273 onera
894 3210 1140 3271 ferenda
1157 3211 1336 3273 multo
1360 3208 1683 3271 validiores.
2366 3268 2373 3273 ,

527 3311 662 3367 108.
699 3305 854 3373 Jam,
871 3303 1104 3382 species
1135 3302 1371 3380 quidem
1397 3301 1579 3385 qualis
1604 3299 1679 3359 sit
1702 3300 1925 3371 cameli,
1955 3300 2180 3362 Groecis
2208 3303 2347 3363 satis
2391 3306 2585 3383 gnaris

445 3416 564 3457 non
587 3396 950 3457 describam:
984 3395 1140 3472 quod
1163 3413 1300 3454 vero
1326 3393 1401 3452 de
1422 3410 1495 3451 eo
1519 3392 1821 3479 ignoratur
1839 3392 2031 3473 vulgo,
2050 3394 2161 3454 hoe
2186 3376 2393 3457 dicam.
2474 3399 2591 3459 cffi

445 3487 669 3549 melus
653 3506 710 3545 m
749 3484 1152 3564 posterioribus
1185 3484 1449 3544 cruribus
1486 3492 1729 3560 quatuor
1768 3482 1945 3543 habet
1988 3484 2210 3545 femora
2235 3496 2295 3547 et
2338 3499 2587 3565 quatuor
2616 3494 2623 3503 '

444 3598 672 3659 genua3
710 3586 999 3638 veretrum
1036 3594 1174 3636 vero
1199 3575 1351 3635 inter
1385 3572 1708 3653 posteriora
1744 3594 1915 3635 crura
1948 3575 2191 3637 caudam
2226 3596 2427 3639 versus
2450 3598 2583 3659 spe-

442 3681 624 3731 ctans.

525 3765 690 3821 104.-
681 3760 840 3821 ·Hoc
863 3755 1040 3835 igitur
1063 3756 1257 3826 modo,
1285 3754 1497 3835 talique
1523 3767 1751 3818 utentes
1787 3768 2043 3828 vectura,
2084 3759 2161 3821 ad
2192 3760 2585 3839 colligendum

443 3860 642 3915 aururn‘
663 3849 1104 3931 proficiscuntur
1126 3847 1278 3919 Indi,
1289 3848 1580 3927 temporis
1600 3848 1881 3912 rationem
1906 3849 1987 3911 ita
2008 3849 2269 3921 ineuntes
2286 3861 2351 3911 ut
2374 3872 2447 3913 ea
2464 3854 2586 3915 diei

440 3945 616 4013 hora,.
644 3961 757 4019 qua
793 3938 1206 4001 ferventissimi·
1237 3948 1369 3997 sunt
1414 3949 1606 4011 aestus,
1642 3938 1785 3998 illud
1820 3939 2080 4017 rapiant·
2064 3985 2080 4001 .
2122 3940 2385 4003 fervente
2420 3944 2587 4007 ‚enim

444 4043 590 4095 aestu
605 4033 888 4092 subterra
912 4029 1239 4091 conduntur
1258 4028 1533 4090 formicae.
1614 4028 2065 4089 Ardentissimus
2084 4042 2277 4093 autem
2289 4032 2379 4095 his
2397 4032 2589 4097 homiae

441 4126 610 4187 nibus
647 4122 752 4183 sol'
777 4133 867 4182 est
903 4132 1160 4200 tempore
1205 4120 1526 4190 matutino;
1564 4138 1697 4192 non,
1738 4131 1803 4181 ut
1842 4121 1967 4181 aliis
2002 4120 2345 4197 hominibus,
2386 4126 2585 4189 media

441 4217 576 4288 die;
613 4215 719 4276 sed
743 4214 815 4275 ab
843 4223 1190 4291 cotempore
1215 4230 1328 4290 quo
1353 4212 1433 4271 ad
1464 4211 1713 4290 aliquam
1734 4213 2095 4275 ‘altitudinem
2118 4213 2179 4275 in
2206 4215 2353 4277 coeio
2370 4234 2579 4295 perve-

440 4306 544 4379 nit,
565 4326 748 4387 usque
775 4306 914 4369 dmn
939 4314 1168 4385 tempus
1189 4313 1278 4367 est
1305 4321 1341 4367 a
1365 4302 1493 4367 foro
1521 4303 1877 4369 discedendi.
1918 4303 2032 4367 Per
2057 4302 2119 4365 id
2144 4315 2373 4390 tempus
2398 4308 2584 4373 multo
