2817 4792
331 275 346 289 ‘
381 271 458 327 22
996 257 1455 324 HERODOTI
1490 257 1828 320 HISTOR.
1868 259 1919 317 1.

380 363 634 465 ruerunt,
677 393 872 452 omnia'
891 393 1031 454 licet
1070 385 1495 472 disquirentes}
1537 363 1727 448 donec
1752 381 2005 445 tandem
2022 377 2282 451 Lichas(
2297 395 2455 436 unus
2484 353 2573 435 ei

383 486 455 543 iis
487 486 784 563 Spartanis
811 485 910 564 qui
937 485 1246 543 benemeriti
1280 481 1652 562 (Agathoergi
1694 478 1931 552 Groece)
1956 483 2257 543 vocantur,
2304 467 2567 527 invenit.

275 603 284 610 ·
385 577 550 636 Sunt
559 587 752 678 autem
772 575 1126 656 Benemeriti,
1143 579 1298 634 cives
1313 596 1348 634 e
1369 573 1571 632 militia
1590 569 1843 650 equestri
1862 566 2099 646 egressi,
2118 573 2291 622 aetate
2318 555 2573 638 semper

385 667 634 736 maximi,
637 668 910 746 quinque
937 667 1281 746 quotannis.
1322 661 1427 770 qui
1450 685 1522 723 eo
1550 682 1719 732 anno,
1749 680 1863 762 quo
1891 679 1968 718 ex
1996 657 2287 736 equitibus
2312 653 2572 719 exeunt,

385 779 502 817 non
531 759 746 836 debent
774 759 951 818 otium
978 779 1174 837 agere,
1217 757 1322 818 sed
1347 757 1432 816 rei
1456 755 1703 836 publicae
1730 753 1933 813 caussa
1962 750 2375 828 Spartanorum
2412 743 2574 803 alius

389 843 503 908 alio
534 831 916 924 dimittuntur.

470 946 570 1002 68.
599 941 694 1000 Ex
718 943 924 1002 horum
947 941 1126 1032 igitur
1151 941 1448 1000 hominum
1478 959 1717 999 numero
1742 937 1959 997 Lichas
1985 934 2042 993 id
2070 931 2229 1013 quod
2263 929 2581 1008 quaereba-
2636 1001 2641 1008 .

391 1043 487 1092 tur
510 1032 728 1092 invenit
749 1033 987 1111 Tegeae,
1010 1053 1186 1111 quum
1209 1033 1444 1092 fortuna
1460 1052 1617 1102 usus,
1644 1043 1769 1090 tum
1798 1025 2047 1088 solertia.
2102 1025 2255 1082 Nam
2284 1041 2469 1100 quum
2486 1039 2579 1082 eo

392 1121 656 1204 tempore
687 1129 786 1200 jus
811 1125 1139 1183 commercii
1176 1134 1330 1183 esset
1357 1122 1817 1183 Lacedaemoniis
1844 1117 1977 1179 cum
2004 1114 2301 1194 Tegeatis,
2330 1113 2583 1171 intrans

391 1215 496 1273 ille
522 1215 777 1306 Τεεειιι
761 1235 822 1272 ιιι
840 1215 1136 1274 ferrariam
1163 1214 1471 1284 officinam,
1498 1209 1803 1293 spectabat
1822 1211 1905 1270 ibi
1928 1197 2289 1288 procudendi
2312 1203 2455 1263 ferri
2478 1222 2583 1262 ra-

397 1306 635 1376 tionem,
675 1298 1098 1385 mirabaturque
1136 1307 1200 1366 id
1233 1307 1393 1386 quod
1424 1307 1552 1366 fieri
1575 1305 1826 1364 videbat.
1908 1304 2089 1377 Cujus
2125 1298 2585 1370 admirationem

399 1397 864 1456 animadvertens
891 1398 1076 1470 Faber,
1103 1417 1334 1458 cessans
1359 1398 1435 1457 ab
1462 1417 1639 1476 opere
1666 1397 1780 1455 ait.
1824 1402 1864 1432 “
1885 1393 2163 1454 Profecto
2198 1389 2383 1466 magis
2424 1405 2587 1466 quo-

402 1487 731 1561 dammodo,
773 1491 985 1578 hospes
1011 1490 1234 1564 Lacon,
1273 1491 1510 1549 miratus
1535 1489 1760 1559 fuisses,
1802 1488 1849 1546 si
1876 1487 1958 1557 id,
1998 1483 2156 1564 quod
2184 1502 2297 1560 ego
2322 1481 2465 1550 vidi,
2516 1492 2591 1539 tu

401 1581 659 1650 vidisses,
689 1581 787 1658 qui
813 1602 969 1672 nunc
995 1582 1436 1644 fabricationem
1461 1581 1599 1641 ferri
1624 1582 1709 1640 ita
1734 1575 2392 1654 admiraris.Hac.‘1psa
2416 1575 2587 1634 enim

404 1675 466 1730 in
494 1674 624 1732 aula
648 1683 885 1750 puteum
917 1693 1088 1768 quum
1115 1675 1313 1734 facere
1341 1671 1668 1744 voluissem,
1707 1671 1984 1730 fodiendo
2022 1668 2241 1727 incidi'
2226 1688 2285 1725 ιιι
2316 1662 2590 1766 loculum

403 1775 632 1843 septem
658 1765 1000 1832 cubitorum.
1083 1766 1216 1844 Ego
1241 1785 1398 1834 vero,
1436 1785 1613 1842 quum
1645 1763 1994 1842 persuadere
2027 1759 2257 1819 omnino
2292 1757 2429 1817 mihi
2461 1780 2595 1819 non
2652 1758 2665 1766 ”

404 1845 740 1934 potuissem,
771 1855 942 1918 fuisse
965 1876 1233 1932 umquam
1261 1858 1509 1940 majores
1530 1873 1701 1932 quam
1729 1872 1883 1912 nunc
1903 1862 2035 1911 sunt
2060 1850 2344 1918 homineS,
2374 1851 2595 1930 aperui
2688 1839 2697 1846 ⁴

406 1946 683 2017 loculum,
704 1956 764 2003 et
781 1945 900 2003 vidi
920 1947 1169 2005 cadaver
1192 1945 1396 2004 eadem
1423 1965 1554 2004 cum
1580 1944 1775 2003 loculo
1795 1943 2197 2022 longitudine:
2227 1945 2391 2019 cujus
2420 1934 2609 2022 post?

407 2057 581 2114 quam
608 2055 936 2094 mensuram
964 2036 1112 2113 cepi,
1140 2055 1334 2095 rursus
1375 2047 1529 2094 terra
1552 2035 1811 2094 loculum
1848 2034 2031 2092 obrui.
2036 2037 2067 2064 '⁹
2144 2034 2297 2092 Hoec
2322 2032 2424 2090 illo
2446 2053 2593 2110 quoe

408 2127 634 2187 viderat
671 2127 980 2208 referente,
1015 2127 1229 2186 Lichas
1270 2138 1501 2186 narrata
1536 2127 1724 2185 animo
1750 2125 2007 2203 volvenS,
2048 2125 2425 2201 conJectabat
2453 2143 2596 2205 esse

411 2218 571 2277 hunc
599 2197 891 2289 Orestem,
929 2238 1098 2296 quem
1139 2197 1434 2278 oraculum
1474 2218 1733 2276 dixisset.
1802 2197 2195 2298 conjectabat
2232 2227 2423 2275 autem
2466 2197 2593 2277 hac

413 2309 654 2368 ratione.
737 2309 906 2368 Duos
932 2311 1132 2370 videns
1157 2311 1307 2369 fabri
1337 2310 1557 2369 ferrarii
1588 2309 1777 2378 folles,
1808 2309 1913 2367 hos
1943 2327 2071 2366 esse
2096 2318 2297 2367 ventos
2333 2308 2461 2366 illos
2492 2329 2596 2368 re-

414 2399 716 2478 periebat:
755 2399 1031 2483 incudem
1054 2421 1192 2460 vero
1221 2411 1280 2460 et
1304 2402 1596 2472 malleum,
1626 2400 1869 2479 formam
1914 2401 2047 2476 (sive
2075 2398 2274 2476 ictum)
2295 2411 2352 2458 et
2381 2400 2595 2460 formae

414 2491 556 2566 (sive
576 2490 752 2571 ictus)
781 2493 1307 2570 repercussionem:
1337 2511 1652 2572 procusum
1673 2511 1812 2550 vero
1838 2490 2075 2561 sermm,
2101 2511 2309 2549 noxam
2330 2493 2602 2569 superin-

420 2579 602 2638 ditam
619 2599 816 2651 noxoe3
843 2585 999 2660 quod
1020 2585 1252 2662 quidem
1271 2605 1343 2642 ex
1364 2603 1436 2643 ea
1457 2585 1827 2659 conjectabat
1853 2582 2095 2651 ratione,
2120 2582 2303 2660 quod
2290 2603 2345 2638 ιιι
2367 2603 2599 2644 noxam

423 2669 668 2730 hominis
705 2673 1002 2733 inventum
1042 2686 1194 2734 esset
1230 2676 1467 2735 ferrum.
1548 2678 1697 2740 Quae
1725 2693 1904 2752 quum
1945 2674 2022 2731 ita
2055 2673 2153 2732 ille
2191 2679 2602 2748 conjectasset‚

427 2743 692 2842 Spartam
717 2765 880 2836 abiit,
893 2777 1204 2849 totamque
1227 2786 1350 2825 rem
1375 2766 1834 2826 Lacedaemoniis
1862 2765 2143 2844 exposuit.
2206 2765 2380 2823 Tum
2408 2766 2497 2824 illi
2521 2787 2604 2828 ex

427 2856 744 2934 composito
765 2857 962 2916 fictum
984 2859 1199 2917 crimen
1216 2857 1432 2917 homini
1455 2857 1789 2928 inferenteS,
1808 2857 1978 2916 exilio
1998 2857 2266 2916 eumdem
2288 2844 2602 2919 mulctant.

429 2948 546 3023 Qui
573 2949 835 3032 Tegeam
861 2951 1176 3028 profectus,
1207 2951 1592 3009 calamitatem
1620 2969 1783 3009 suam
1811 2950 2009 3009 retulit
2034 2949 2217 3024 fabro,
2250 2969 2379 3007 cum
2405 2948 2611 3040 eoque

429 3040 550 3117 egit
569 3050 638 3097 ut
664 3041 852 3100 aulam
882 3041 987 3098 sibi
1019 3042 1310 3100 elocaret.
1353 3041 1447 3100 cui
1474 3041 1571 3098 diu
1598 3041 1833 3119 quidem
1855 3039 2161 3099 reluctanti
2188 3059 2359 3116 quum
2383 3041 2460 3098 ad
2488 3061 2603 3100 ex-

377 3171 382 3178 .
427 3117 674 3190 tremum
700 3134 1097 3211 persuasisset,
1126 3133 1261 3192 inibi
1285 3132 1597 3200 habitavit3
1639 3151 1888 3209 moxque
1923 3131 2135 3190 effosso
2168 3116 2435 3210 sepulcro
2464 3152 2607 3194 ossa

431 3223 682 3298 collegit,
735 3225 1118 3306 Spartamque
1157 3224 1475 3300 remigrans
1515 3223 1936 3301 transportavit.
2018 3225 2149 3287 Quo
2190 3241 2263 3280 ex
2310 3231 2601 3301 tempore,

431 3315 654 3392 quoties
681 3315 827 3374 vires
854 3335 986 3374 suas
1012 3315 1257 3374 invicem
1280 3325 1593 3386 tentarunt,
1618 3335 1847 3394 semper
1864 3313 2189 3392 superiores
2209 3315 2365 3373 bello
2392 3334 2611 3377 exces-

435 3423 564 3463 sere
591 3405 1063 3464 Lacedaemonii:
1107 3406 1440 3484 eisdemque
1474 3411 1597 3480 Jam
1635 3409 1815 3482 major
1841 3405 2012 3463 etiam
2040 3423 2172 3482 pars
2208 3405 2608 3484 Peloponnesi

437 3508 564 3555 erat
590 3499 868 3572 subjecta.
1420 3553 1429 3562 .
1826 3554 1833 3561 .
2620 3554 2635 3564 .

515 3593 616 3648 69.
649 3589 802 3647 Haec
828 3589 1002 3666 igitur
1031 3600 1241 3648 cuncta
1268 3565 1447 3668 quum
1478 3592 1707 3651 Croesus
1740 3591 2132 3669 comperisset,
2173 3591 2395 3670 legatos
2426 3592 2606 3668 Spar·

438 3685 559 3738 tam
589 3680 741 3739 misit
767 3680 919 3740 dona
938 3682 1212 3754 ferentes,
1258 3684 1711 3762 societatemque
1739 3695 2024 3789 petenteS,
2054 3685 2261 3762 quibus
2286 3703 2416 3762 quse
2446 3686 2609 3746 dice-

437 3780 567 3831 rent
591 3773 902 3831 mandavit.
961 3773 1079 3838 Qui
1106 3773 1203 3832 ubi
1229 3774 1536 3845 advenere,
1563 3776 1652 3834 his
1680 3776 1767 3833 usi
1794 3786 1928 3834 suut
1955 3777 2178 3834 verbis:
2242 3783 2282 3812 ‘⁴
2304 3775 2475 3849 Misit¹
2492 3797 2608 3838 nos

444 3861 698 3932 Croes'uS,
724 3863 1024 3941 Lydorum
1053 3883 1159 3924 rex
1189 3864 1547 3943 aliorumque
1575 3866 1938 3944 populorum,
1964 3866 2093 3924 haec
2120 3867 2356 3924 dicens:
2400 3867 2455 3924 O
2480 3861 2611 3928 La-

440 3951 802 4023 cedaemonii,
832 3955 1101 4033 quoniam
1131 3954 1272 4014 deus
1298 3976 1391 4014 me
1418 3977 1524 4034 per
1546 3957 1837 4015 oraculum
1858 3958 2096 4029 monuit,
2120 3967 2185 4016 ut
2208 3957 2480 4016 Graecum
2502 3961 2612 4018 ad-

442 4045 753 4104 sciscerem
791 4048 1031 4120 socium,
1069 4065 1285 4128 vosque
1323 4051 1493 4108 audio
1529 4050 1907 4129 principatum
1948 4060 2148 4109 tenere
2190 4050 2459 4120 Graeciae,
2502 4071 2612 4112 vos

440 4137 654 4196 idcirco
683 4158 755 4197 ex
780 4141 992 4200 oraculi
1015 4142 1287 4201 mandato
1307 4142 1504 4212 invito,
1528 4144 1747 4202 amicus
1769 4161 1897 4204 esse
1916 4143 2154 4222 cupiens
2177 4153 2237 4202 et
2257 4142 2448 4203 socius
2476 4144 2617 4202 abs-

444 4247 558 4306 que
579 4229 715 4288 dolo
743 4241 803 4290 et
828 4232 1091 4292 fraude.’'
1148 4231 1301 4292 Haec
1330 4233 1564 4292 Croesus
1585 4253 1691 4312 per
1715 4233 1939 4311 legatos
1966 4233 2276 4294 nunciavit.
2344 4236 2611 4298 Quorum

445 4322 698 4384 adventu
739 4325 916 4404 gavisi
951 4325 1396 4398 Lacedaemonii,
1431 4325 1531 4402 qui
1571 4336 1631 4384 et
1666 4325 1771 4404 ipsi
1811 4325 2107 4402 oraculum
2152 4326 2353 4386 Croeso
2391 4323 2615 4412 editum
