2817 4792
1022 339 1510 408 POLYMNIA..
2187 379 2192 383 -
2220 343 2340 402 345
2435 335 2450 346 ⁸

176 466 575 547 comparatas,
602 479 663 528 et
698 468 965 548 ingentes
1000 471 1297 564 bipennes.
1377 470 1694 531 Multitudo
1719 487 1917 530 eorum
1945 467 2213 530 thoraces
2241 477 2344 548 'ge-

173 557 441 630 stabant,
472 577 827 640 magnosque
854 562 1072 650 gladios
1092 547 1397 623 habebant.
1480 563 1636 622 Talis
1663 563 1864 622 horum
1889 570 2176 622 armatura
2201 573 2342 625 erat.

256 654 366 713 90.
430 651 617 730 Cyprii
640 671 817 714 naves
841 645 1208 733 praebuerant
1236 667 1466 716 eentum
1498 666 1556 714 et
1583 655 2000 734 quinquaginta,
2029 655 2140 736 hoc
2165 653 2338 714 modo

174 743 413 803 armati.
511 745 707 824 Reges
752 763 951 805 eorum
979 756 1154 824 capnt
1194 747 1360 806 mitra
1397 745 1727 806 obvolutum
1772 746 2093 806 habebant:
2137 746 2334 824 ‘reliqui

174 834 411 894 tunicas
444 831 587 915 [sive
630 836 885 916 cidares]
932 839 1267 916 gestabant:
1312 851 1524 897 caetera
1555 849 1622 896 ut
1663 838 1880 898 Graeci.
1963 837 2110 898 Sunt
2145 847 2336 897 autem

178 926 537 1005 Cypriorum
581 929 775 1006 plures
814 927 1014 1007 populi
1036 947 1055 986 ι
1094 930 1187 988 alii
1231 929 1517 989 Salamine
1557 942 1618 990 et
1657 930 1902 990 Athenis
1944 929 2202 1000 oriundiz
2241 929 2336 988 alii

76 1053 88 1060 ·
176 1033 264 1078 ex
298 1019 595 1089 Arcadia;
632 1017 728 1079 alii
754 1035 833 1079 ex
870 1022 1138 1101 Cythu03
1180 1023 1337 1084 aliie
1360 1023 1673 1094 Phoenice3
1711 1023 1805 1083 alii
1833 1039 1908 1083 ex
1937 1023 2242 1100 AEthiopia,
2272 1021 2336 1082 u‘t

172 1109 297 1190 ipsi
308 1111 517 1189 Cyprii
538 1112 856 1172 adfirmant.
1765 1163 1776 1172 .

266 1207 367 1262 91.
412 1201 617 1260 Cilices·
644 1213 875 1262 centum
914 1206 1273 1264 contulerant
1311 1221 1506 1265 naves.
1588 1207 1673 1264 Hi
1715 1205 1904 1285 capita
1956 1205 2134 1284 galeis
2173 1214 2334 1264 tecta
2373 1261 2384 1268 .

174 1293 481 1352 habebant
502 1295 836 1365 vernaculis,
864 1315 967 1374 pro
994 1298 1169 1356 scutis
1194 1300 1480 1375 pai-mulas
1505 1300 1807 1377 gestabant
1827 1317 1902 1356 ex
1929 1293 2108 1356 cr'ud'o
2127 1299 2335 1356 bovino

175 1383 349 1444 corio
376 1384 687 1456 confectas,
714 1379 938 1465 tunicas
964 1388 1145 1447 induti
1164 1390 1357 1448 laneas
1378 1411 1395 1448 ι
1439 1390 1575 1448 bina
1601 1390 1836 1468 quisque
1847 1390 2042 1466 jacula
2058 1385 2330 1458 habebat,

130 1469 139 1476 ’
178 1487 249 1534 et
292 1495 491 1535 ensem
518 1478 859 1556 AEgyptiaco
895 1480 1138 1539 maxime
1164 1480 1357 1558 gladio
1397 1481 1654 1540 similem.
1737 1479 1820 1538 Hi
1859 1479 2164 1558 antiquitus
2203 1481 2336 1558 Hy<-

178 1567 412 1646 pachoei
438 1565 709 1627 nominati
737 1574 924 1629 erant:
968 1567 1099 1628 dein
1126 1591 1163 1630 a
1188 1571 1387 1643 Cilice,
1417 1569 1694 1650 Agenoris
1719 1569 1858 1647 filio,
1886 1569 2008 1630 viro
2036 1569 2332 1642 Phoeni'ce,

178 1675 401 1718 nomen
428 1659 715 1720 invenere.
798 1662 1080 1738 Pamphyli
1106 1663 1349 1742 triginta
1362 1681 1538 1724 naves
1563 1666 1947 1744 praebuerant,
1981 1660 2331 1724 Graecanicis

182 1751 363 1810 armis
386 1751 700 1813 instructi.
746 1751 893 1812 Sunt
909 1765 1099 1813 autem
1122 1756 1424 1835 Pamphyli
1441 1755 1825 1832 Trojanorum
1850 1755 2058 1834 posteri
2083 1755 2328 1864 illorum,

181 1843 288 1922 qni
316 1860 467 1902 cum
475 1843 858 1922 Amphilocho
886 1857 946 1905 et
968 1841 1285 1907 Calchante
1312 1848 1538 1924 disjecti
1561 1847 1745 1908 fliete.
1877 1903 1888 1918 ,

269 1929 569 2011 9213oe
604 1937 1010 2016 quinquaginta
1046 1940 1405 2018 praebuerant
1445 1953 1640 2011 naves,
1682 1936 2008 1998 thoracibus
2051 1949 2110 1996 et
2149 1937 2332 1996 ocreis

180 2025 497 2084 instructi:
552 2028 743 2086 Arcus
782 2025 1069 2088 habebant
1112 2045 1185 2088 ex
1224 2047 1400 2089 corno
1445 2032 1668 2098 arbore,
1719 2025 1954 2107 sagittas
1993 2013 2336 2088 arundineas

185 2134 306 2175 non
335 2117 533 2189 alatas,
572 2132 633 2181 et
671 2120 907 2196 jacula.
942 2135 1018 2179 ex
1042 2120 1289 2180 humeris
1322 2121 1509 2200 pelles
1548 2121 1877 2200 pendebant
1917 2121 2196 2199 caprinas·
2237 2139 2334 2178 ca·-

182 2209 407 2288 pitibus
444 2209 687 2287 impositi
710 2211 847 2289 pilei
884 2211 1086 2290 pennis
1112 2207 1486 2272 circumcirca
1531 2212 1815 2273 coronati·
1853 2225 2134 2290 praeterea
2173 2210 2336 2289 pugi-

138 2323 143 2328 ·
188 2301 399 2360 onibus
427 2312 487 2360 et
522 2299 763 2361 falcibus
790 2304 992 2363 armati
1028 2315 1207 2364 erant.
1288 2304 1454 2383 Lycii
1483 2323 1557 2365 ex
1585 2307 1758 2364 Creta
1783 2304 2026 2372 oriundi,
2069 2301 2336 2360 Termiloe

188 2393 331 2454 olim
358 2393 649 2466 nominati,
678 2392 888 2456 deinde
906 2415 943 2456 a
966 2396 1151 2476 Lyco,
1183 2397 1490 2457 Pandionis
1515 2397 1652 2469 filio,
1684 2397 2040 2496 Atheniensi,
2067 2395 2338 2454 invenere

188 2502 426 2546 nomen.
753 2505 763 2516 ·
800 2511 807 2518 ·
1062 2531 1067 2538 .
1677 2508 1685 2516 ·

289 2584 390 2639 93.
433 2578 727 2637 Dorienses
778 2571 1014 2638 Asiatici
1058 2579 1294 2658 triginta
1336 2596 1512 2651 naves
1561 2582 1941 2649 contulerant,
1993 2580 2340 2639 Graecanico

190 2689 359 2729 more
408 2671 630 2740 armati,
678 2689 753 2730 ex
790 2671 1189 2750 Peloponneso
1230 2671 1472 2730 oriundi.
1557 2672 1725 2730 Cares
1763 2671 2130 2750 septuaginta
2149 2689 2340 2728 naves

190 2763 575 2866 praebuerant,
599 2762 843 2823 falcibus
868 2774 929 2823 et
954 2761 1298 2842 pugionibus
1322 2764 1540 2835 armati,
1571 2761 1925 2843 caeteroquin
1951 2778 2086 2819 vero
2109 2761 2343 2822 Graeca-

193 2853 336 2913 nico
376 2873 529 2912 more
554 2855 830 2914 instructi.
914 2855 1025 2914 His
1066 2849 1353 2952 quodnam
1378 2855 1688 2951 antiquitus
1711 2853 1884 2913 fuerit
1909 2871 2135 2948 nomen,
2162 2851 2222 2908 in
2247 2869 2342 2908 su-

194 2945 413 3026 periori
434 2933 631 3006 harum
650 2947 1039 3005 Historiarum
1060 2943 1225 3025 parte
1252 2943 1468 3004 dictum
1495 2944 1602 3006 e'st.

284 3037 387 3100 94.
428 3037 589 3094 Iones
614 3050 843 3098 centum
872 3039 1231 3098 centula-ant
1252 3055 1446 3107 naves,
1473 3038 1678 3096 eodem
1697 3037 1869 3095 modo
1895 3035 2154 3094 instructi
2175 3037 2346 3110 atque

202 3128 467 3190 Groeei.·
502 3129 693 3200 Iones,
723 3129 1035 3209 quamdiu
1011 3148 1097 3187 ιιι
1118 3129 1519 3224 Peloponneso
1535 3146 1670 3189 eam
1697 3127 2007 3208 regionem,
2034 3145 2163 3205 quae
2189 3143 2346 3183 nunc

204 3220 439 3280 Achaia
463 3232 721 3292 vocatur,
752 3223 1125 3292 incoluerant,
1166 3215 1494 3301 priusquam
1523 3223 1754 3281 Danaus
1785 3231 1844 3280 et
1868 3219 2098 3278 Xuthus
2137 3218 2198 3276 in
2231 3217 2344 3275 Pe·

200 3315 583 3392 loponnesnm
638 3315 1015 3385 aduenissent,
1048 3309 1125 3373 ut
1162 3314 1357 3373 Groeci
1405 3315 1580 3382 aiunt,
1629 3311 1858 3390 Pelasgi
1918 3308 2204 3408 AEgialees
2253 3309 2350 3389 [id

208 3413 317 3480 εει,
332 3405 646 3485 litterales]
674 3399 1027 3466 vocabantur
1052 3424 1067 3466 ι
1108 3405 1317 3466 deinde
1340 3407 1418 3466 ‘ab
1464 3402 1628 3478 Ione,
1658 3403 1838 3463 Xuthi
1860 3403 2067 3475 filio,n
2027 3389 2238 3462 nomen
2265 3401 2348 3458 in·-

206 3507 511 3558 venerunt.
2225 3521 2234 3528 ·

289 3593 389 3649 95.
424 3591 675 3648 Insulani
698 3589 1103 3669 septemdecim
1132 3587 1491 3648 contulerant
1507 3604 1704 3659 naves,
1729 3586 1934 3646 eodem
1953 3585 2122 3644 modo
2145 3551 2352 3644 armati

207 3689 389 3758 atque
430 3682 642 3742 Graeei.
722 3681 916 3742 Etiam
942 3682 1039 3741 hic
1068 3681 1404 3763 Pelasgicus
1425 3691 1520 3739 'est
1543 3679 1806 3766 populus,
1833 3677 1932 3756 qui
1959 3677 2168 3737 deinde
2196 3674 2351 3734 Ioni-

208 3772 563 3831 emendem
609 3775 839 3833 ratione·
874 3767 1192 3836 nominatus
1236 3783 1326 3830 est
1370 3783 1544 3850 atque
1569 3772 1667 3830 *illi
1705 3759 2020 3830 duodecim
2061 3769 2352 3850 civitatum

208 3861 385 3922 Iones
408 3865 656 3924 Athenis
678 3867 923 3924 oriundi.
952 3868 1227 3924 AEolenses
1246 3865 1541 3942 sexaginta
1557 3863 1911 3942 praebuerant
1935 3880 2127 3931 naves,
2149 3859 2358 3919 eodem

209 3955 389 4013 modo
416 3965 589 4036 atque
614 3945 809 4016 Graeci
836 3959 1080 4020 armati·
1126 3968 1184 4018 et
1206 3958 1266 4016 hi
1294 3974 1524 4034 quoque
1552 3957 1686 4014 olim
1717 3955 1944 4033 Pelasgi
1970 3953 2256 4022 nominati,
2288 3957 2356 4010 ut

212 4045 411 4108 Graeci
432 4059 768 4142 memorant.
832 4051 1208 4126 Hellespontii,
1240 4049 1494 4128 exceptis
1516 4045 1850 4128 Abydenis.
1899 4065 2030 4106 nam
2065 4043 2359 4122 Abydenis

210 4135 614 4218 imperaverat
628 4161 741 4202 rex
766 4127 832 4204 ιιί
871 4143 1023 4202 domi
1054 4152 1367 4213 manerent,
1396 4152 1458 4200 et
1493 4151 1698 4220 pontes
1739 4138 2126 4200 custodirent:
2171 4133 2362 4198 c'oeteri

214 4230 389 4308 igitur
420 4249 496 4294 ex
524 4233 715 4294 Ponto
740 4233 1114 4314 expeditionis
1151 4223 1319 4312 hujus
1346 4233 1490 4292 socii
1513 4249 1692 4292 naves
1717 4231 2083 4290 contulerant
2109 4237 2360 4303 centum,

217 4323 424 4384 eodem
444 4326 617 4386 modo
638 4327 901 4388 instructi
927 4345 995 4387 ae
1024 4325 1236 4386 Graeci.
1322 4326 1469 4384 Sunt
1490 4335 1686 4438 autem
1713 4321 1774 4382 hi
1801 4322 2006 4381 Ionum
2033 4330 2095 4378 et
2121 4318 2368 4378 Dorien-

220 4415 365 4476 sium
376 4418 599 4480 coloni.
646 4455 701 4488 ‚-
834 4429 841 4436 ‘
1158 4469 1167 4488 .
1239 4478 1248 4485 ,
1382 4439 1386 4443 ’
1543 4435 1552 4442 ’

1238 4513 1275 4566 2
1316 4525 1356 4565 Y
1427 4513 1433 4520 ‘
