2817 4792
417 271 562 328 462
1037 269 1487 332 HERODOTI
1538 269 1881 332 HISTOR.
1908 271 2023 332 lx.

507 399 645 458 104.
687 395 837 456 Jnm·
853 397 1094 458 Milesiis
1139 399 1370 480 quidem
1397 400 1734 460 mandatum
1762 409 1900 472 eret,
1928 410 2007 458 ut·
2034 387 2471 458 viarumeizituz
2497 411 2601 458 c‘u-

425 487 725 560 stodirent,
763 489 960 549 salutis
999 509 1201 551 caussa
1241 491 1587 562 Persarum,
1572 517 1586 530 ·
1625 510 1760 569 quo,
1790 491 1841 550 si
1867 489 1950 550 eis
1990 489 2296 550 accidisset
2332 487 2393 547 id
2436 489 2601 566 quod

427 597 584 638 nune
610 581 838 653 accidit,
866 581 1109 643 ducibus
1137 583 1225 642 his
1263 595 1583 654 uterentur,
1611 601 1858 664 quorum
1886 601 1997 660 ope
2022 581 2082 640 in
2111 581 2411 641 cacumina
2461 581 2603 660 My-

427 670 574 730 caloe
603 673 742 730 salvi
771 674 1102 734 evaderent.
1187 675 1322 734 Hoc
1347 675 1578 753 quidem
1608 672 1848 734 consilio
1874 673 2001 732 illos
2028 671 2225 732 Persae
2252 670 2331 730 ibi
2368 673 2603 731 locave-

425 772 574 832 rant,
603 763 774 824 simul
811 783 973 836 vero,
1001 785 1098 838 ne,
1126 767 1174 826 si
1201 766 1478 826 exercitui
1521 765 1810 834 adessent,
1840 764 1973 825 novi
2012 753 2302 858 quidpiatn·
2328 764 2598 828 moliren-

427 864 540 918 tur.
622 855 701 916 At
728 855 808 914 illi
827 857 998 960 plane
1027 858 1368 920 contrarium
1395 863 1539 933 ejus,
1565 857 1722 936 quod
1750 856 2080 918 mandatum
2106 867 2256 930 erat,
2268 849 2589 915 fecerunt:

425 943 717 1022 fugientes
758 947 976 1028 quippe
1017 949 1306 1010 Barbaros
1347 969 1453 1031 per
1490 948 1803 1008 contrarias
1842 947 2130 1008 duxerunt
2166 947 2309 1016 vias,
2352 959 2503 1030 quse·
2524 946 2592 1005 sd

428 1037 627 1098 hostes
665 1038 969 1111 ferebant3
1010 1052 1071 1100 et
1110 1041 1188 1100 ad
1217 1053 1539 1102 extremum
1572 1055 1679 1102 'eos
1719 1040 1848 1119 ipsi,
1877 1051 1942 1098 ut
1979 1039 2348 1102 infensissimi
2386 1039 2590 1110 hostes,

431 1127 865 1190 interfecerunt.
948 1132 1039 1191 Ita
1066 1133 1302 1210 quidem
1328 1135 1523 1191 iterum
1551 1131 1713 1190 Ionia
1738 1151 1773 1190 a
1802 1131 1988 1192 Persis
2012 1130 2237 1210 deficit.
2326 1133 2334 1138 '
2426 1140 2435 1146 '
2486 1141 2495 1146 “

438 1253 446 1262 ·
513 1225 648 1282 105.
690 1222 758 1280 In
802 1221 914 1281 hac
963 1225 1038 1281 ad
1074 1223 1328 1300 Mycalen
1369 1242 1558 1302 pugna
1610 1221 1833 1281 virtutis
1877 1221 2174 1302 proemium
2226 1215 2585 1280 obtinuerunt

433 1312 858 1384 Atheniensem
897 1326 960 1374 et
985 1333 1064 1374 ex
1088 1314 1543 1375 Atheniensibus
1570 1312 1959 1394 Hermolycus
1987 1310 2245 1392 Euthyni
2270 1311 2437 1384 filine,
2460 1333 2587 1392 pan-

433 1404 750 1465 cratiastes.
833 1405 1000 1466 Idem
1040 1425 1180 1466 vero
1223 1406 1613 1484 Hermolyeus
1639 1415 1775 1484 post
1796 1403 1950 1479 haec,
1978 1413 2155 1482 quum
2186 1403 2403 1462 bellum
2431 1423 2588 1482 gere·

429 1505 560 1554 rent
585 1495 966 1557 Athenienses
998 1517 1130 1558 cum
1175 1497 1475 1577 Carystus,
1505 1495 1684 1576 Cyrni
1705 1495 1773 1553 in
1800 1513 1941 1574 agro
1982 1491 2251 1573 Carystio
2290 1493 2495 1554 cecidit
2530 1494 2583 1552 in

427 1586 647 1666 praelio,
679 1600 740 1649 et
765 1607 948 1667 prope
975 1589 1300 1648 Geroestum
1343 1587 1601 1667 sepultus
1628 1597 1737 1646 est.
1822 1585 1965 1648 Post
1992 1583 2384 1645 Athenienses
2407 1595 2585 1644 autem

435 1677 720 1738 Corinthii
761 1689 822 1739 et
847 1679 1134 1738 Troezenii
1161 1689 1223 1738 et
1251 1677 1508 1758 Sicyonii
1554 1676 1903 1762 praecipuam
1930 1675 2152 1736 virtutis
2178 1675 2412 1735 laudem
2441 1695 2585 1738 com·

431 1782 786 1830 meruerunt.

517 1865 654 1924 106.
695 1861 913 1933 Graeci,
940 1862 1226 1954 plerisque
1273 1863 1680 1934 Barbarorum,
1708 1861 1927 1942 partim
1956 1857 2017 1922 in
2054 1829 2251 1940 praelio
2292 1829 2505 1938 partim
2531 1859 2586 1916 in

431 1951 576 2030 suga
620 1952 962 2025 interfectis,
1004 1973 1182 2015 naves
1219 1963 1556 2014 cremarunt
1592 1962 1653 2012 et
1694 1964 1881 2013 totum
1926 1950 2367 2030 munimentum,
2406 1949 2591 2033 proeda

432 2043 592 2122 prius
641 2055 844 2122 egesta
881 2045 941 2104 in
982 2045 1176 2106 littore
1225 2045 1531 2126 deposita.
1579 2053 2031 2127 repereruntque
2075 2061 2243 2102 arcas
2298 2041 2589 2101 nonnullas

432 2135 604 2195 rebus
630 2136 896 2215 pretiosis
923 2137 1194 2216 repletas.
1277 2137 1607 2196 Munitione
1637 2147 1699 2196 et
1724 2132 2005 2194 navibus
1987 2134 2235 2193 incensis
2264 2144 2419 2192 retro
2446 2132 2592 2192 navi-

430 2239 660 2303 garunt.
755 2227 988 2290 Deinde
1051 2239 1356 2310 postquam
1414 2229 1648 2290 Samum
1689 2244 2028 2306 pervenere,
2084 2223 2473 2284 deliberarunt
2523 2225 2591 2284 de

433 2319 600 2375 Ionia
640 2321 697 2376 in
723 2321 882 2376 aliam
921 2330 1124 2378 terram
1164 2320 1563 2400 transferenda,
1604 2329 1665 2379 et
1704 2315 1821 2397 qun
1856 2328 2017 2396 parte
2058 2315 2327 2387 Graeciae,
2368 2337 2497 2394 quse
2537 2318 2590 2374 in

431 2418 720 2484 potestate
747 2421 901 2480 esset
927 2409 1294 2480 Graecormn,
1325 2409 1497 2470 sedes
1540 2409 1777 2470 Ionibus
1800 2409 1919 2468 sint
1956 2407 2360 2486 adsignandoe„
2434 2408 2590 2467 Ionia

433 2497 585 2556 enim
611 2498 911 2558 videbatur
939 2499 1204 2560 Barbaria
1245 2519 1373 2560 esse
1398 2499 1795 2584 relinquenda,
1842 2498 2306 2580 quandoquidem
2330 2499 2457 2560 fieri
2481 2517 2589 2558 non

431 2600 631 2668 posset
675 2601 740 2648 ut
785 2591 891 2669 ipsi
938 2603 1220 2672 perpetuo
1266 2592 1447 2652 Ionioe
1488 2591 1886 2671 praesiderent,
1923 2609 2169 2670 eamque
2208 2587 2591 2658 custodirent3

432 2681 608 2740 Iones
633 2692 845 2753 autem,
875 2683 982 2742 nisi
1025 2682 1130 2742 sub
1159 2683 1501 2744 Graecorum
1528 2683 1796 2764 proesidio
1838 2694 2052 2752 essent,
2082 2699 2453 2762 nequaquam·
2472 2697 2589 2760 spe*

430 2790 560 2844 rare
579 2785 834 2851 possent,
861 2775 1050 2834 salvos
1072 2795 1140 2834 se
1165 2775 1309 2847 fore,
1331 2795 1445 2834 nee
1464 2791 1665 2854 poenas
1686 2771 1880 2832 Persis
1898 2774 2155 2833 daturos.
2236 2774 2371 2839 Qua
2390 2793 2587 2852 propo·

433 2864 545 2924 site
569 2864 1002 2937 deliberatione,
1022 2865 1120 2945 qui
1147 2885 1222 2925 ex
1247 2865 1683 2946 Peloponnesiis
1703 2865 1942 2925 aderant
1965 2864 2241 2942 dig-nitate
2263 2865 2587 2934 eminenteS,

356 2957 368 2968 ‘
431 2955 688 3033 emporia
713 2953 1055 3016 Graecorum
1091 2955 1190 3035 qui
1219 2976 1352 3016 eum
1383 2957 1577 3016 Medis
1603 2953 1931 3028 sensissent,
1966 2955 2169 3033 ejectis
2206 2952 2433 3030 incoliS,
2470 2975 2586 3012 cum

433 3059 576 3125 ,agro
599 3047 681 3106 ed
709 3047 976 3127 quodque
1004 3039 1318 3127 emporium
1344 3051 1694 3128 pertinente,
1733 3048 1970 3108 Ionibus
2006 3045 2154 3106 tradi
2192 3043 2423 3120 debere·
2440 3047 2584 3106 inco-

418 3135 621 3199 ‘lenda.
705 3139 927 3198 Contra
980 3139 1360 3200 Athenienses
1409 3140 1573 3198 nullo
1626 3149 1803 3218 paeto
1829 3138 2029 3220 Ionas
2064 3137 2231 3204 aliam
2278 3138 2338 3195 in
2383 3148 2577 3196 terram·
2688 3185 2693 3192 ,
2785 3199 2786 3214 ,

431 3228 859 3289 transferendos
885 3232 1234 3303 censebunt,
1249 3249 1362 3290 nec
1399 3231 1614 3290 decere
1638 3230 2089 3309 Peloponnesios
2117 3230 2193 3290 de
2218 3229 2465 3308 ipsorum
2492 3250 2579 3289 co5

435 3319 603 3392 loniis
631 3317 943 3399 quidquam
969 3331 1242 3382 statueoe.
1324 3319 1554 3387 Quibus'
1586 3321 1999 3394 obnitentibus,
2037 3320 2197 3380 haud
2238 3321 2399 3380 inviti
2436 3319 2585 3380 Pelo·-

435 3410 697 3490 ponnesii
722 3423 1152 3482 concesserunt.
1181 3413 1408 3492 ,Itaque
1434 3413 1654 3474 Samios
1682 3424 1743 3472 et
1769 3413 1947 3473 Chios
1966 3423 2025 3480 et
2045 3413 2307 3484 LesbiOS,
2330 3411 2580 3492 reliquos-

439 3521 552 3581 que
580 3503 887 3576 Insulares,
915 3506 1013 3584 qui
1039 3524 1198 3565 arma
1223 3516 1284 3565 et
1310 3523 1486 3564 naves
1512 3525 1642 3565 cum
1672 3503 1895 3564 Graecis
1938 3505 2319 3575 sociaverant,
2358 3505 2415 3562 in
2454 3523 2582 3584 com·

443 3613 618 3653 mune
646 3595 930 3654 sociorum
959 3607 1322 3676 receperunt,
1351 3595 1467 3655 fide
1497 3607 1557 3656 et
1573 3597 1875 3672 jurejando
1902 3596 2207 3654 adstrictos·
2229 3595 2305 3654 de
2330 3595 2581 3654 societate

433 3697 772 3759 ‚constanter
795 3695 853 3745 et
888 3707 1024 3746 cum
1049 3689 1168 3748 fide
1197 3689 1497 3749 servanda.
1578 3690 1715 3753 Quo
1732 3687 1891 3747 facto
1920 3687 1994 3748 ad
2034 3687 2471 3765 Hellespontum
2502 3706 2583 3745 na-

436 3776 722 3854 vigarunt,
765 3789 973 3858 pontes
1013 3779 1273 3856 soluturi,
1325 3798 1475 3862 quos.
1508 3779 1703 3838 adhuc
1742 3788 1953 3838 stratos
1994 3797 2060 3837 se
2107 3777 2436 3856 reperturos
2472 3794 2577 3836 esse

437 3867 921 3940 existimaverant.

449 3991 460 3996 ·
520 3961 662 4030 1072
698 3961 816 4026 Qui
856 3980 931 4021 ex
982 3962 1251 4022 Barbaris
1291 3962 1435 4042 fuga
1472 3973 1796 4036 evaserunt,
1843 3980 2091 4022 numero·
2124 3961 2284 4021 ha'ud
2324 3959 2493 4032 multi,
2526 3959 2579 4018 in

436 4051 698 4129 Mycnloe
725 4053 1028 4112 cacumine
1052 4053 1370 4133 compulsi3
1409 4055 1469 4113 hi
1499 4055 1711 4114 deinde
1743 4054 1951 4114 Sardes
1972 4052 2111 4112 salvi
2132 4052 2443 4112 redierunt.
2479 4051 2577 4118 Qui

437 4139 574 4208 dum
601 4161 674 4201 eo
713 4154 1096 4216 revertuntur,
1125 4145 1185 4204 in
1225 4145 1430 4204 itinere
1457 4145 1754 4217 Masistes‚
1796 4146 1962 4205 Darii
2000 4145 2166 4215 filius,
2194 4143 2294 4223 qui
2330 4137 2572 4222 *acceptae

437 4231 589 4288 eladi
625 4232 979 4304 interfuerat,
1008 4236 1215 4296 ducem
1255 4237 1561 4302 exereitus
1578 4239 1921 4315 Artayntem
1956 4236 2146 4295 multi-s
2172 4229 2477 4294 inseetatus
2500 4243 2571 4292 est

433 4321 771 4396 maledictis,
804 4340 980 4404 quum
1017 4327 1126 4386 alisi
1153 4329 1371 4402 dicem,
1406 4337 1533 4388 -tum
1578 4338 1639 4388 et
1678 4337 1788 4388 esse
1825 4330 1971 4387 illum
2014 4329 2235 4402 muliere
2272 4326 2571 4406 ignotior-em

2174 4577 2206 4602 O
