2817 4792
457 249 580 350 4'30
1079 291 1524 352 nnaonorl
1572 289 2052 354 ms‘romlx.

454 417 710 487 stituros,
730 437 906 497 quum
926 419 1084 480 bello
1099 431 1269 499 capta
1295 433 1451 482 esset
1468 423 1735 482 universa
1753 421 1969 493 Attica,
1986 432 2049 482 et
2068 421 2125 480 in
2146 421 2321 502 ipsius
2330 425 2457 500 jam
2474 434 2647 484 esset

337 577 348 596 ι
451 518 762 588 potestate.
843 510 977 570 Hac
1003 529 1206 574 caussa
1229 513 1643 594 Murychidem
1666 513 1729 572 in
1758 513 2106 574 Salaminem
2132 512 2311 574 misit.

529 607 592 662 5.
633 601 750 667 Qui
793 621 974 680 quum
1018 603 1093 664 ad
1149 617 1410 665 senatum
1473 607 1741 676 venisset,
1790 605 2263 684 exposuissetque
2328 601 2653 668 Mau-donn

449 691 756 763 mandata·
797 711 944 758 unns
971 713 1006 754 e
1031 693 1422 768 senatoribus,
1444 697 1723 777 Lycida,
1749 717 1859 778 pro
1884 696 2173 760 sententia
2194 697 2435 770 dixit‚“
2462 710 2637 758 recte

447 785 666 844 factum
685 785 792 846 sibi
815 785 1016 858 videri,
1037 787 1088 848 si
1113 789 1448 868 acciperent
1464 788 1859 849 conditionem
1884 808 1923 848 a
1947 787 2344 869 Murychide³
2328 788 2469 868 ipsis
2496 809 2639 869 pro-

447 877 712 986 positam,
750 878 831 938 de
857 897 1042 958 eaque
1081 879 1157 939 ad
1185 881 1461 959 populum
1498 879 1839 942 referrent?
1920 879 2101 941 Hanc
2134 880 2237 942 ille
2272 883 2633 941 sententiam

447 969 616 1042 dixit,
643 971 766 1032 sive
791 971 951 1052 quod
975 971 1246 1050 pecunias
1271 989 1309 1032 a
1335 972 1649 1032 Mardonio
1674 971 2018 1052 accepisset,
2044 971 2167 1032 sive
2198 972 2400 1051 quod
2382 972 2493 1051 ipsi
2518 991 2631 1052 per

445 1083 512 1124 se
535 1063 620 1124 ita
651 1063 836 1124 visum
861 1063 1084 1124 fuisset.
1169 1063 1292 1124 Sed
1329 1065 1611 1144 indignati
1640 1065 2050 1137 Athenienses,
2080 1084 2257 1144 quum
2296 1076 2626 1138 senatores,

327 1207 349 1220 .
443 1167 568 1216 tum
592 1156 690 1235 qui
725 1155 866 1216 foris
889 1157 1145 1238 stabant,
1171 1167 1239 1242 ut
1263 1165 1690 1236 cognoverunt,
1718 1157 1979 1238 protinus
2018 1156 2463 1223 circumstantes
2498 1157 2627 1238 Ly-

441 1246 632 1308 cidem
657 1247 945 1327 lapidibus
971 1247 1304 1319 obruerunt,
1336 1249 1803 1328 Hellespontium
1839 1267 1981 1308 vero
2008 1249 2425 1328 Mutychidem
2452 1249 2623 1308 dimi-

441 1348 643 1399 serunt
668 1336 1029 1405 incolumem.
1118 1339 1270 1406 Orto
1306 1351 1507 1402 autem
1530 1341 1595 1400 in
1611 1340 1915 1402 Salamine
1940 1351 2179 1421 propter
2201 1339 2495 1420 Lycidem
2524 1352 2625 1400 tu-

439 1430 638 1502 multu,
669 1450 844 1510 quum
871 1431 1237 1492 rescivissent
1266 1433 1711 1493 Atheniensium
1728 1433 2015 1505 mulieres,
2042 1431 2183 1512 quid
2210 1434 2291 1493 rei
2308 1443 2501 1506 esset,
2518 1453 2621 1494 co-

439 1523 742 1584 hortatae'
724 1522 989 1594 invicem,
1019 1533 1080 1582 et
1107 1524 1218 1617 alia
1259 1523 1427 1612 aliam
1454 1524 1842 1604 prehendens,
1868 1525 2021 1585 ultro
2048 1525 2207 1585 aedes
2244 1519 2484 1605 Lycidis
2508 1547 2615 1607 pe«

425 1616 671 1687 tier-unt,
697 1627 766 1676 et·
785 1630 1030 1675 uxorem
1057 1609 1188 1694 ejus
1215 1627 1276 1675 et
1301 1616 1515 1676 liberos
1540 1616 1826 1696 lapidibus
1852 1617 2184 1678 obruerunt.

463 1710 576 1776 6.
619 1707 1006 1768 Athenienses
1033 1727 1170 1768 vero
1189 1709 1301 1768 hac
1327 1709 1550 1768 ratione
1576 1709 1633 1767 in
1664 1707 2009 1769 Salaminem
2036 1709 2404 1786 trajecerant.
2448 1714 2611 1778 Quo-

423 1769 620 1881 *nsque
661 1801 1076 1879 exspectabant
1113 1798 1433 1862 exercitum
1474 1819 1549 1858 ex
1574 1799 1977 1882 Peloponneso
2016 1801 2125 1860 sibi
2152 1801 2361 1860 anxilio
2400 1815 2607 1863 ventu-

423 1904 578 1967 rum,
625 1893 682 1951 in
713 1893 913 1952 Attica
939 1903 1307 1954 manserunt.
1349 1911 1523 1971 quum
1551 1911 1691 1952 vero
1728 1892 1914 1972 magis
1938 1893 2237 1972 magisque
2258 1894 2321 1952 in
2362 1895 2607 1974 longum

429 1999 553 2045 rem
592 1965 874 2044 ducerent
911 1985 1366 2062 Lacedaemonii,
1407 1995 1471 2044 et
1498 1983 1864 2055 Mardonius,
1908 1995 2115 2044 contra
2148 1986 2307 2078 ipsos
2348 1991 2613 2061 movens,

334 2057 340 2068 ⁵
423 2073 546 2186 ⁸jann
575 2078 632 2137 in
673 2076 908 2136 Boeotia
931 2093 1058 2136 esse
1087 2076 1394 2147 diceretur,
1424 2087 1567 2137 tunc
1608 2077 1842 2136 demum
1866 2067 2059 2136 omnia
2078 2095 2182 2136 sua
2208 2091 2603 2156 exportat-unt,

427 2171 651 2250 ipsique
677 2169 734 2228 in
761 2168 1106 2229 Salaminem
1137 2168 1547 2252 transierunt„
1592 2167 1774 2227 Simul
1800 2185 1939 2226 vero
1965 2167 2187 2246 legatos
2222 2167 2602 2230 Lacedaemo-

427 2277 560 2322 nem
589 2257 884 2332 miserunt,
919 2261 1015 2339 qui
1061 2270 1121 2318 et
1147 2259 1224 2320 de
1261 2258 1737 2330 Lacedaemoniis,
1778 2239 1937 2338 quod
1964 2259 2283 2324 Barbarum
2328 2261 2597 2322 invadere

427 2354 680 2414 Atticam
699 2352 850 2432 passi
879 2361 1093 2424 essent,
1109 2361 1228 2412 nec
1257 2369 1457 2411 secum
1478 2353 1535 2411 in
1554 2352 1835 2412 Boeotiam
1862 2352 2087 2412 obviam
2110 2352 2165 2411 ei
2191 2348 2594 2428 occurrissent,

425 2451 942 2524 conquererentur,
963 2453 1026 2503 et
1039 2443 1166 2503 illos
1182 2440 1562 2504 admonerent
1580 2455 1854 2530 quantum
1876 2455 2051 2514 esset,
2072 2445 2257 2522 quod'
2242 2446 2379 2525 ipsis
2396 2447 2595 2519 Persa,

423 2537 472 2599 si
487 2537 576 2597 ad
597 2535 750 2596 illius
777 2547 964 2616 partes
989 2535 1345 2605 transissent,
1373 2521 1665 2616 pollicitus
1692 2547 1889 2608 esset,
1928 2536 2183 2615 denique
2208 2537 2601 2616 praedicerent

421 2627 901 2698 Lacedaemoniis,
943 2627 1050 2686 nisi
1077 2627 1296 2688 auxilio
1319 2629 1581 2688 venirent
1608 2627 2077 2700 Atheniensibus,
2106 2628 2263 2708 ipsos
2288 2631 2465 2690 etiam
2492 2626 2595 2711 ῥεῖ

413 2727 488 2783 ‘se
511 2713 776 2782 levamen
801 2719 1035 2800 aliquod
1067 2719 1396 2779 inventuros
1424 2739 1553 2779 esse
1578 2719 1879 2778 malorum.
2324 2744 2330 2749 ·
2579 2759 2585 2768 -

421 2831 428 2836 ·
497 2821 560 2882 7.
601 2815 836 2893 Nempe
867 2813 1048 2872 festos
1087 2812 1210 2872 dies
1235 2823 1374 2871 tunc
1395 2813 1645 2873 maxime
1672 2809 1919 2890 agebant
1943 2811 2397 2884 Lacedaemonii,
2426 2814 2587 2893 Hya

415 2907 642 2970 <cinthia
663 2903 1043 2976 celebrantes,
1067 2904 1410 2981 maximique
1431 2903 1720 2964 faciebant
1738 2921 1861 2963 rem
1882 2903 2133 2962 divinam
2146 2919 2393 2970 curare:
2419 2905 2587 2966 simul

418 3021 558 3062 vero
595 2999 774 3060 etiarn
801 3015 1024 3059 murum
1065 2995 1128 3059 in
1152 2995 1374 3082 Isthmo
1413 2995 1811 3069 muniebant,‘
1792 3013 1955 3076 isque
1990 2998 2115 3110 jam
2139 2994 2323 3056 lorica
2350 3008 2475 3058 erat
2496 2997 2586 3057 in-

411 3095 690 3155 itti-hctus.

347 3259 354 3264 ‚
500 3187 586 3246 Ut
605 3199 744 3245 vero
766 3185 1188 3244 Lacedaemonem
1207 3185 1391 3268 legati
1393 3169 1745 3242 Athenienses
1756 3153 2167 3268 pervenerunt,
2186 3193 2387 3242 ‘secum
2408 3182 2583 3242 ‘etiam

414 3273 864 3358 Megarensium
874 3283 932 3337 et
957 3263 1365 3338 Platoeensi'um
1393 3277 1673 3335 ducentes
1696 3277 1942 3354 legatos,
1964 3260 2269 3333 introducti
2288 3269 2363 3334 ad
2388 3275 2583 3354 Epho-

407 3375 530 3440 ιοε,
559 3371 616 3428 in
641 3371 796 3430 hunc
822 3355 1054 3428 modum
1079 3370 1258 3428 verba
1285 3368 1521 3428 fecere·
1562 3371 1644 3447 (7.
1688 3373 1717 3428 1
1729 3369 1833 3445 .)
1836 3367 2174 3426 ‘Miserunt
2197 3373 2305 3426 nos
2334 3367 2579 3429 Atheni·

415 3473 622 3532 enses,
663 3461 942 3532 dicentes,
971 3461 1283 3522 Medorum
1311 3479 1511 3539 regern
1532 3479 1649 3518 non
1676 3461 1855 3520 modo
1880 3469 2091 3520 terram
2133 3469 2391 3520 nostram
2414 3459 2578 3532 nobis

411 3555 622 3626 reddit,
649 3573 848 3612 verum
875 3573 983 3612 nos
1009 3573 1179 3631 aequa
1205 3553 1539 3613 conditione
1566 3552 1672 3611 sibi
1708 3551 1898 3612 socios
1922 3550 2047 3610 vult
2088 3550 2431 3628 adjungere,
2450 3551 2581 3621 'sine

411 3647 551 3707 'dolo
589 3659 651 3705 et
687 3643 921 3715 fraude‘3
961 3633 1133 3723 atque
1161 3645 1363 3717 etiam,
1401 3653 1615 3724 praeter
1652 3655 1925 3715 nostram,
1962 3642 2134 3702 aliam
2176 3640 2577 3702 nobis'terram

409 3739 538 3800 ‘vult
561 3738 812 3809 tradere,
853 3753 1274 3822 quamcumque
1299 3737 1410 3822 ipsi
1450 3736 1816 3817 elegerimus.
1898 3735 1985 3794 At
2022 3753 2127 3794 nos
2166 3734 2573 3794 Groecanicum
2603 3777 2611 3794 ,

406 3837 744 3911 repetentes
771 3831 812 3892 J
817 3849 1000 3901 ovem
1039 3845 1276 3907 remque
1301 3829 1595 3907 indignam
1634 3837 1939 3888 censentes
1972 3825 2275 3906 prodere
2264 3826 2570 3898 Graeciam,

408 3945 526 3986 non
555 3943 751 3983 sumus
771 3923 826 3982 ei
851 3921 1100 4004 adsensi,
1122 3921 1230 3982 sed
1254 3914 1675 4008 repudiavimus
1704 3919 2108 3991 conditionem,
2126 3931 2471 3997 quamquam
2486 3935 2569 3976 ιιι

399 4017 554 4094 juria
568 4015 783 4080 adfecti
804 4034 840 4074 a
859 3997 1082 4074 Graecis
1100 4003 1445 4092 proditique,
1466 4019 1526 4072 et
1554 4013 1703 4072 bene
1707 4010 1895 4089 gnari
1916 4009 2093 4100 longe
2118 4011 2285 4070 nobis
2302 4009 2568 4070 conduci-

405 4107 576 4170 bilius
601 4123 728 4168 esse
756 4105 1097 4166 societatem
1121 4104 1467 4164 ‘contrahere
1494 4115 1627 4162 cum
1655 4104 1855 4174 Pei-sa,
1884 4121 2063 4182 quam
2080 4119 2285 4182 gerere
2310 4102 2566 4162 bellum

404 4203 522 4260 nec
545 4213 682 4259 vero
703 4217 972 4280 umquam
991 4198 1246 4257 volentes
1269 4210 1404 4255 cum
1429 4215 1503 4255 eo
1520 4195 1891 4276 paciscemu’r.
1922 4195 2011 4256 Ita
2035 4195 2318 4274 quidquid
2342 4213 2379 4253 a
2404 4194 2566 4254 nobis

405 4293 689 4380 proficisci
713 4302 926 4371 potest,
951 4289 1014 4350 id
1050 4291 1274 4350 sincero
1300 4289 1493 4348 animo
1532 4288 1829 4348 tribuimus
1878 4288 2149 4348 Graecioe.
2230 4281 2311 4364 (7'.
2349 4284 2437 4362 2.)
2466 4288 2561 4348 -At

401 4385 522 4456 vo's,
545 4385 642 4464 qui
669 4403 854 4464 nuper
879 4379 1369 4446 vehementissime
1397 4380 1743 4444 metuebatis
1778 4399 1852 4442 ne
1878 4388 2012 4444 oum‘
2013 4379 2221 4440 Persa
2244 4377 2561 4458 paciscere·-
