2817 4792
1187 269 1508 334 ERAT&
2202 253 2210 268 ⁸
2289 283 2413 340 '291

330 411 435 474 44.
479 409 727 488 Nempe,
750 417 953 468 contra
979 406 1083 464 has
1111 404 1277 482 dirigi
1304 403 1754 484 expeditionem,
1784 403 1970 464 verbis
2009 424 2128 484 proe
2173 425 2237 466 se
2277 407 2423 466 fere·

246 507 414 565 bant.
468 504 782 572 Caeterum,
805 519 979 578 quum
1000 497 1371 557 constitutum
1394 498 1677 556 haberent
1694 515 1866 575 quam
1887 496 2156 574 plurimas
2181 501 2420 576 possent
2451 521 2456 526 ·

246 617 327 657 ex
354 594 585 656 Graecis
607 591 931 653 civitatibus
954 589 1241 668 subigere,
1262 591 1510 668 primum
1533 588 1779 648 Thasios
1811 589 1994 648 classe
2020 590 2296 668 adgressi,
2322 590 2419 670 qui

244 707 326 746 ne
356 705 565 746 manus
582 685 817 764 'quidem
842 693 1041 742 contra
1062 682 1189 741 illos
1216 680 1584 760 sustulerant,
1604 681 1711 738 sibi
1731 681 2133 757 subjecerunt;
2173 692 2296 741 tum
2322 701 2420 762 pe·

244 779 437 838 destri
464 777 722 838 exercitu
752 775 1135 846 Macedonas,
1154 782 1287 852 post
1314 773 1442 831 illos
1459 771 1558 852 qui
1574 775 1695 848 jam
1723 772 1914 832 Persis
1939 773 2280 846 serviebant,
2309 775 2418 835 sub

232 875 455 953 jugum
496 869 805 928 miserunt}
862 885 995 926 nam
1036 865 1137 944 qui
1174 864 1256 924 cis
1297 863 1705 932 Macedoniam
1748 863 2010 923 habitant
2047 866 2264 944 populi,
2295 870 2418 941 jam

244 962 449 1024 cuncti
476 961 587 1018 illis
607 957 859 1036 'subjecti
886 959 1083 1018 erant.
1148 955 1307 1015 Dein
1333 955 1572 1014 navibus
1597 974 1634 1014 a
1662 955 1858 1015 Thaso
1889 956 2273 1016 continentem
2289 977 2418 1018 ver·-

243 1053 349 1114 su‘s
376 1052 707 1122 transvecti,
750 1049 1071 1110 secundum
1096 1053 1259 1108 oram
1284 1059 1670 1129 perrexerunt
1695 1041 1973 1127 navigare.
2003 1054 2188 1129 usque
2211 1052 2416 1110 Acan-

238 1147 445 1220 thum:
496 1157 623 1204 tum
649 1142 923 1204 Acantho
962 1141 1230 1221 profecti,
1260 1141 1466 1200 Athon
1493 1151 1748 1200 montem
1775 1141 2130 1202 circumvehi
2156 1140 2414 1203 institue·

242 1248 403 1297 runt.
490 1236 609 1296 Sed
635 1235 771 1294 dum
794 1233 1317 1303 circumvehuntur,
1348 1233 1622 1313 ingruens
1643 1244 1848 1294 ventus
1868 1235 2074 1294 boreas
2101 1234 2324 1314 ingens,
2354 1246 2415 1298 et

238 1340 452 1390 contra
475 1331 647 1406 quem
676 1326 915 1386 eluctari
940 1325 1099 1384 nulla
1126 1335 1249 1384 arte
1275 1332 1560 1404 poterant,
1604 1325 1916 1392 maximum
1957 1325 2186 1388 navium
2215 1345 2416 1402 nume·

240 1441 379 1480 rum
398 1419 475 1480 ad
500 1429 753 1478 montem
778 1417 1053 1496 impulsas
1080 1416 1286 1478 misere
1313 1416 1561 1476 adflixit.
1631 1416 1817 1478 Aiunt
1843 1417 1994 1478 enim
2021 1415 2098 1478 ad
2123 1429 2416 1480 trecentas

242 1531 323 1570 ex
374 1497 609 1571 navibus
656 1509 916 1590 periisse,
969 1517 1027 1568 et
1072 1507 1367 1566 hominum
1404 1508 1644 1588 amplius
1688 1508 1888 1586 viginti
1929 1509 2122 1572 millia.
2179 1511 2414 1571 Etenim

244 1623 429 1683 quum
469 1601 675 1662 belluis
712 1601 983 1706 frequens
1024 1600 1333 1661 admodum
1374 1601 1449 1660 sit
1491 1601 1606 1660 hoc
1657 1601 1816 1660 circa
1859 1602 2062 1660 Athon
2095 1623 2278 1673 mare,
2317 1603 2414 1663 alii

240 1717 283 1757 a
308 1696 513 1756 belluis
538 1695 689 1774 rapti
714 1693 970 1777 periere3
1008 1691 1103 1750 alii
1128 1711 1265 1752 vero
1296 1693 1373 1752 ad
1398 1702 1588 1772 petras
1615 1692 1820 1762 adlisi;
1865 1693 1980 1763 alii,
2009 1701 2185 1773 quum
2211 1706 2410 1754 natare
2475 1699 2480 1714 '

240 1791 368 1848 non
394 1788 741 1859 didicissent,
768 1787 885 1848 h'oc
922 1786 1053 1864 ipso
1071 1783 1355 1864 periere3
1396 1783 1493 1844 alii
1519 1783 1676 1862 gelu.
1758 1785 1913 1845 Haec
1940 1785 2136 1848 clades
2165 1788 2413 1848 classem

121 1879 131 1893 '
234 1881 485 1960 adflixit.

324 1978 429 2035 45.
472 1973 839 2036 Mardonium
866 1993 1005 2034 vero
1021 1985 1095 2034 -et
1120 1973 1454 2053 pedestrem
1475 1973 1806 2046 exercitum,
1837 1993 2014 2055 quum
2033 1975 2094 2034 in
2122 1975 2408 2036 Macedo·

236 2065 349 2126 nia
374 2076 559 2132 castra
582 2067 847 2136 haberet,
880 2076 1061 2126 noctu
1082 2065 1343 2144 adgressi
1366 2065 1548 2145 Brygi
1578 2065 1856 2139 Thraces,
1873 2085 2147 2146 magnum
2173 2065 2412 2125 militum

236 2179 548 2219 numerum
568 2160 925 2230 occiderunt,
953 2159 1253 2240 ipsumque
1278 2161 1652 2218 vulnerarunt
1677 2159 2064 2221 Mardonium.
2147 2162 2234 2219 At
2255 2161 2330 2217 ne
2351 2158 2408 2216 hi

238 2250 481 2329 quidem
506 2250 834 2310 servitutem
854 2271 893 2310 a
912 2251 1103 2312 Persis
1130 2249 1524 2310 imminentem
1544 2251 1836 2330 effugere:
1879 2251 2092 2312 etenim
2111 2271 2228 2312 non
2251 2251 2334 2329 pri
2341 2271 2405 2308 us

240 2362 329 2402 ex
354 2341 441 2401 his
468 2342 789 2420 reg-ionibus
809 2343 1075 2403 discessit
1102 2343 1462 2414 Mardonius,
1489 2363 1661 2422 quam
1687 2345 1744 2402 in
1762 2348 2108 2425 potestatem
2122 2345 2250 2404 illos
2269 2333 2409 2404 ⁴red--

235 2433 480 2514 egisset.
562 2435 1273 2510 verumtamem-subactis
1321 2435 1426 2506 his,
1453 2447 1609 2495 retro
1645 2436 1811 2496 duxit·
1835 2437 2173 2508 exercitum,
2190 2436 2406 2516 quippe

234 2537 309 2586 et
336 2536 491 2586 terra
516 2527 987 2606 clades-Brygia
1016 2539 1275 2605 accepta,
1304 2538 1367 2586 et
1405 2529 1548 2586 mari
1573 2529 1890 2588 'maximam
1925 2529 2303 2592 calamitatem
2329 2527 2409 2587 ad

234 2619 442 2679 Athon
468 2623 689 2697 passus.
745 2620 839 2680 Ita
864 2619 957 2678 hae
984 2618 1191 2698 copies,
1212 2619 1458 2698 turpiter
1485 2640 1550 2680 re
1570 2632 1754 2699 gesta,
1783 2621 1842 2678 in
1869 2620 2066 2680 Asiam
2093 2621 2422 2680 redierunt·

326 2718 425 2774 46.
466 2712 667 2772 Altero
692 2731 831 2772 vero
856 2712 931 2770 ab
956 2712 1045 2770 his
1070 2713 1245 2772 rebus
1272 2732 1424 2771 anno
1461 2713 1704 2791 primum
1731 2712 2008 2790 Thasios,
2035 2721 2086 2772 a·
2097 2712 2296 2772 vicinis
2321 2711 2408 2770 in-

231 2805 539 2866 simulatos
566 2804 732 2884 quasi
758 2804 1143 2866 defectionem
1170 2805 1526 2874 molirentur,
1555 2805 1726 2869 misso
1761 2804 1972 2864 nuncio
1997 2805 2168 2880 jussit
2196 2805 2408 2893 Darius

234 2897 473 2957 diruere
499 2899 744 2967 murum,
782 2901 843 2955 et
878 2915 1057 2956 naves
1074 2915 1227 2956 ,suas
1255 2896 1491 2956 Abdera
1520 2897 1824 2956 devehere.
1908 2895 2116 2956 Thasii·
2131 2895 2304 2966 enim,
2335 2915 2408 2954 ex

232 3009 361 3068 qno
386 2990 461 3048 ab
490 2987 743 3047 Histiaeo
772 2988 1005 3047 Milesio
1031 2987 1261 3047 fuerant
1287 2987 1531 3058 obsessi,
1559 3007 1736 3066 quum
1762 2989 1955 3067 magni
1981 2989 2090 3048 illis
2117 2998 2308 3048 essent
2321 3007 2410 3048 re-

232 3080 397 3141 ditus
421 3080 653 3160 publici,
672 3080 933 3159 pecuniis
962 3080 1079 3139 suis
1106 3081 1418 3138 utebantur
1444 3079 1520 3138 ad
1547 3081 1961 3141 construendas
1979 3089 2158 3141 naves
2182 3081 2405 3158 longas,
2435 3121 2449 3130 κ

232 3184 309 3234 et
330 3173 408 3234 ad
434 3172 768 3234 validiorem
794 3191 1021 3230 murum
1046 3171 1175 3231 urbi
1198 3191 1319 3232 suae
1346 3171 1916 3232 circumducendum.
2000 3173 2184 3232 Erant
2209 3184 2408 3234 autem

230 3264 353 3324 illis
378 3265 600 3326 reditus
644 3275 705 3324 et
746 3284 821 3324 ex
862 3264 1193 3324 continente
1228 3275 1291 3324 et
1330 3283 1405 3324 ex
1433 3263 1696 3326 metallis.
1779 3265 1956 3325 Certe
1983 3279 2056 3324 ex
2081 3266 2170 3325 his
2195 3285 2324 3344 quae
2341 3267 2409 3326 'iu

234 3357 579 3434 Scopae-hyle
602 3358 815 3419 metalla
830 3366 981 3426 sunt,
1008 3375 1136 3436 quae
1162 3355 1295 3416 sunt
1312 3353 1686 3433 aurifodinae,
1713 3358 1948 3418 omnino
1967 3360 2265 3438 octoginta
2275 3360 2409 3420 red-

229 3449 402 3508 ibant
427 3449 685 3518 t'alenta3
726 3467 800 3508 ex
822 3448 911 3508 his
940 3467 1076 3508 vero
1096 3468 1227 3529 quae
1262 3448 1321 3505 in
1346 3447 1472 3526 ipsa
1491 3447 1704 3520 Thaso,
1734 3449 2024 3527 aliquanto
2051 3450 2285 3530 quidem
2301 3451 2408 3512 mi-

136 3569 141 3572 ·
232 3559 371 3610 nus,
396 3541 506 3600 sed⁴
530 3551 723 3600 tamen
744 3551 987 3611 tantum,
1017 3550 1099 3611 ut,
1128 3559 1301 3618 quum
1342 3551 1538 3600 essent
1563 3540 1931 3621 vectigalium
1969 3543 2248 3620 immunes
2285 3543 2406 3604 fru-

236 3643 445 3692 ctuum
470 3633 715 3697 nomine
735 3632 1188 3740 pendendorum‚
1218 3652 1291 3692 ex
1327 3632 1660 3694 continente
1687 3646 1747 3694 et
1775 3653 1852 3704 ex
1884 3636 2128 3697 metallis
2155 3637 2410 3698 redirent

237 3725 472 3786 Thasiis
505 3726 756 3810 omnino
782 3726 1087 3805 quotannis
1134 3725 1402 3786 ducenta
1427 3725 1672 3806 talenta,
1704 3737 1784 3799 et,
1827 3729 2058 3840 quando
2101 3722 2406 3841 plurimum

234 3815 486 3887 redibat,
518 3803 793 3881 trecenta·

318 3911 418 3973 47⁶.
462 3909 597 3968 Vidi
638 3911 811 3973 etiam
848 3910 968 3989 ipse
1006 3913 1137 3974 hsec
1176 3913 1443 3975 metalla:
1497 3931 1738 3993 quorum
1783 3915 2034 3976 maxime
2073 3917 2405 3979 admiranda

230 3999 373 4061 mihi
390 4001 671 4064 visasunt
706 4017 797 4074 ea,
820 4017 956 4081 quae
973 4023 1009 4063 a
1026 4005 1399 4065 Phoenicibus
1413 4004 1646 4069 fuerant
1662 4008 1916 4079 inventa,
1935 4008 2032 4086 qui
2053 4028 2186 4068 cum
2213 4007 2408 4066 Thaso

228 4091 483 4152 insulam
510 4091 663 4154 hanc
684 4093 1083 4164 condiderunt,
1106 4109 1243 4173 quse·
1262 4115 1417 4156 nunc
1446 4098 1518 4156 ab
1543 4098 1656 4158 hoc
1675 4098 1870 4158 Thaso
1899 4097 2173 4158 Phoenice
2192 4113 2405 4156 nomen

233 4183 427 4244 traxit.
518 4185 669 4244 Sunt
707 4197 903 4246 autem
944 4187 1237 4247 Phoenicia
1274 4188 1401 4248 haec
1441 4191 1654 4248 metalla
1692 4190 1842 4250 inter
1881 4190 1998 4251 duo
2039 4189 2216 4248 Thasi
2253 4188 2403 4258 loca,

231 4289 477 4352 quorum
502 4274 671 4338 alteri
700 4279 919 4358 AEnyra
943 4298 1155 4338 nomen
1178 4290 1285 4351 est,
1308 4279 1474 4340 alteri
1497 4281 1767 4386 Coenyra,
1783 4281 2052 4342 adversus
2077 4280 2408 4342 Samothra-

234 4367 429 4468 ciam:
486 4368 692 4449 ingens
716 4390 882 4432 mons
910 4382 1017 4444 est,
1046 4372 1371 4450 quaerendis
1398 4373 1616 4434 metalli
1644 4373 1798 4434 venis
1825 4387 2038 4453 susque
2057 4375 2250 4454 deque
2278 4389 2408 4434 ver-
