2817 4792
994 288 1553 372 MELPOMENE.
2234 293 2370 382 2st

158 463 415 525 pecora
455 441 767 501 immolant.
849 440 1033 498 Marti
1086 461 1223 501 vero
1262 453 1435 500 sacra
1457 443 1516 499 in
1557 439 1708 500 hunc
1759 438 2004 501 modum
2029 443 2364 506 instituunt.

158 538 238 594 In
271 534 535 613 singulis
576 532 955 612 praefecturis,
985 552 1100 610 quo
1129 534 1261 592 loco
1309 533 1612 593 convenire
1639 534 1827 592 solent
1865 536 2250 612 magistratus,
2278 539 2368 596 ibt

158 615 407 686 Martis
433 627 679 702 templum
701 627 947 683 erectum
976 637 1065 683 est
1088 625 1432 702 hujusmodi.
1517 623 1922 703 Congerantur
1937 639 2371 688 sarmentorum„-

156 711 398 789 fasces,
445 737 523 777 ex
550 709 753 795 quibus
780 715 847 775 fit
876 716 1174 775 cumulus'
1158 736 1218 776 ιιι
1245 713 1683 795 longitudinem
1689 717 2158 797 latitudinemque
2183 722 2368 780 trium·

160 813 303 871 fere
356 801 675 869 stadiorum
708 833 724 877 3
767 801 1003 867 altitudo
1050 803 1302 887 εῙιιίιίειιιιι
1333 809 1536 868 minor.
1622 809 1808 885 Super
1857 811 1972 868 hoc
2017 813 2246 871 cumulo
2287 813 2365 872 fit..

162 893 462 982 planities
476 893 787 977 quadrata,
832 903 997 976 cujus
1035 901 1156 980 tria·
1192 902 1375 961 latera
1413 899 1655 980 abrupta
1695 913 1853 972 sunt,
1887 903 1960 961 ab
1988 915 2104 962 uno
2145 915 2370 982 quartnss

164 998 371 1056 latere
400 1005 563 1073 patet
608 984 939 1053 adscensus.
1020 994 1341 1060 Quotannis
1368 1005 1597 1052 centum
1636 1004 1697 1052 et
1733 992 2148 1072 quinquaginta
2187 998 2364 1076 plau·-

170 1076 302 1147 stra
350 1095 772 1146 sarmentorum
813 1077 1221 1144 adcumulant.
1275 1085 1375 1142 illa
1420 1085 1570 1144 enim
1633 1095 1738 1164 per
1783 1085 1904 1143 vim
1944 1096 2348 1193 tempestatum

172 1179 513 1240 subsidunt.
600 1177 797 1269 Super
810 1195 1040 1254 quoque
1065 1172 1273 1236 horum
1299 1175 1645 1235 tumulorum
1688 1176 1926 1255 erigitur
1953 1176 2215 1238 v'etustus
2244 1182 2353 1238 aci-
2361 1171 2376 1179 ”

175 1270 611 1349 nacesferreus,
635 1262 841 1347 estque
866 1268 979 1326 hoc
995 1268 1205 1326 Martis
1222 1264 1606 1336 simulacrum3
1635 1269 1970 1368 eidemque
1956 1271 2175 1330 acinaci
2190 1279 2359 1349 quot-

176 1355 357 1422 annis
401 1359 645 1420 offerunt
680 1360 949 1419 victimas
965 1379 1235 1437 pecorum
1260 1372 1325 1420 et
1358 1361 1668 1439 equorum.
1712 1362 1887 1440 atque
1914 1362 2002 1421 his'
2036 1363 2170 1441 ipsis
2212 1363 2354 1442 (aci-

176 1449 465 1527 nucibus)
503 1453 699 1538 plures·
722 1452 980 1512 victimas
1005 1453 1317 1549 immolant,
1358 1471 1540 1553 quam
1561 1453 1795 1531 reliquis
1838 1455 1961 1513 diis.
2045 1457 2208 1520 Quos
2251 1473 2350 1514 ca-

182 1549 386 1626 ptivos
426 1545 651 1604 faciunt·
674 1559 751 1602 ex
775 1545 1047 1617 hostibus,
1077 1564 1150 1604 ex
1172 1563 1372 1605 eorum
1398 1547 1638 1604 numero
1670 1545 2042 1604 centesimum
2070 1557 2362 1625 quemque

180 1639 377 1700 virum
408 1647 709 1706 mactant·
748 1643 865 1696 non
906 1639 1107 1696 eodem
1136 1636 1306 1697 modo
1334 1637 1448 1717 qu'o
1475 1637 1702 1716 pecora,
1729 1638 1835 1696 sed
1862 1637 2108 1699 diverso.
2189 1640 2355 1698 Post-

182 1749 369 1810 quam
397 1728 592 1786 vinum
620 1724 793 1806 super
823 1727 1015 1804 capita
1028 1727 1317 1786 hominum
1346 1727 1742 1804 profuderunt,
1763 1729 2034 1805 jugulant
2053 1750 2154 1788 eos
2181 1750 2356 1810 supet·

181 1840 371 1881 vase:
418 1813 627 1878 deinde
654 1813 986 1895 sanguinem
1008 1818 1066 1874 in
1090 1827 1505 1875 sarmentorum
1520 1814 1799 1875 tu'mulum
1828 1817 2076 1905 po'rtant,
2096 1831 2156 1879 et
2181 1841 2361 1900 super-

184 1915 435 1974 acinace
438 1905 773 1968 effundunt.
857 1909 993 1967 Hoc
1020 1927 1267 1986 superne
1293 1905 1552 1986 peracto,
1572 1907 1725 1966 infra
1743 1911 1910 1986 juxta
1924 1911 2209 2012 templum
2230 1913 2365 1972 h'aec·

184 2003 439 2068 faciunt.
519 2003 560 2062 J
562 1997 919 2079 ugulatorum
952 2000 1269 2060 hominum
1276 1999 1533 2058 dextros
1527 2000 1808 2060 lacertos
1815 2001 2034 2072 omnes,
2063 2003 2196 2060 'curn
2233 2021 2364 2062 ma-

189 2089 365 2159 nibus
392 2089 680 2176 praecisos,
704 2093 762 2151 in
776 2111 965 2153 aerem
986 2089 1331 2171 proficiunt}
1340 2102 1440 2151 ‘et
1447 2091 1678 2163 deinde,
1699 2091 1932 2171 reliquis
1953 2094 2115 2152 caesis
2135 2094 2361 2168 hostiis,

192 2183 437 2253 abeunt.
520 2191 903 2266 Quocumque
916 2185 1127 2244 cecidit
1153 2182 1378 2254 manus,
1408 2184 1486 2245 ibi
1501 2186 1692 2263 jacet3
1735 2195 1794 2244 et
1821 2186 2058 2245 seorsim
2089 2187 2354 2248 cadaver.

272 2289 378 2346 63.
420 2282 573 2342 Haec
612 2291 703 2339 est
745 2280 919 2358 apud
926 2297 1025 2337 eos
1051 2274 1482 2338 sacrificiorum
1496 2279 1659 2337 ratio.
1734 2278 1953 2338 Suibus
1980 2281 2174 2339 autem
2201 2281 2366 2340 nullo

194 2377 385 2438 modo
413 2385 671 2450 utuntur,
699 2371 1040 2449 omninoque
1061 2390 1159 2431 eas
1186 2371 1340 2429 alere
1364 2390 1474 2430 sua
1494 2370 1555 2428 in
1574 2381 1729 2430 terra
1753 2372 1970 2430 nolunt.
2185 2415 2194 2426 .

276 2474 380 2530 64.
422 2456 703 2524 Institutas
728 2465 802 2523 ad
831 2466 1014 2522 bellum
1053 2464 1461 2542 spectantibus·
1481 2460 1732 2523 utuntur*
1746 2463 2086 2538 hujusmodi.
2167 2469 2360 2532 Quem

196 2549 447 2648 primum
472 2550 562 2616 'ex
598 2556 857 2615 hostibus
898 2551 1195 2633 prostravit
1232 2556 1317 2614 vir
1356 2552 1593 2634 Scytha,
1637 2561 1758 2631 ejus
1799 2569 1962 2636 potat
1999 2561 2366 2637 sanguinem.

200 2641 513 2726 Quotquot
536 2647 595 2704 in
621 2647 821 2724 praelio
846 2643 1154 2713 interfecit,
1180 2647 1383 2704 horum
1410 2647 1600 2726 capita
1623 2647 1699 2706 ad
1724 2667 1942 2726 regem
1967 2650 2218 2727 perfert:
2261 2654 2364 2712 ad-

200 2743 325 2832 lato
351 2740 506 2799 enim
532 2733 762 2817 capite,
790 2739 871 2797 fit
883 2733 1119 2818 praedae
1135 2738 1423 2818 particeps
1449 2757 1622 2816 quam
1663 2739 1962 2808 fecerunt;
2003 2759 2122 2799 non
2161 2741 2358 2801 adlato

201 2853 362 2904 vero,
391 2841 613 2910 partem
655 2831 867 2889 nullam
897 2831 1069 2909 capit.
1152 2829 1343 2909 Caput
1382 2840 1574 2890 autem
1600 2829 1752 2909 pelle
1792 2832 1972 2890 nudat
2011 2832 2144 2891 hoc
2165 2835 2360 2892 modo.

206 2927 281 2986 In
305 2927 505 2986 orbem
530 2919 884 2983 circumcidit
911 2923 1088 2984 cutim
1114 2923 1265 2982 circa
1282 2935 1496 2991 aures;
1509 2919 1658 2982 dein
1674 2924 2016 3001 prehensam
2047 2925 2278 2984 excutit
2285 2926 2362 2984 de

205 3017 396 3097 capite
412 3036 430 3072 ι
471 3026 612 3086 ιιιιιι,
634 3026 930 3094 postquam
960 3034 1191 3075 carnem
1204 3025 1381 3074 ‘costa
1406 3013 1616 3073 bovilla
1637 3012 1888 3085 detersit,
1917 3015 2127 3092 subigit
2149 3013 2362 3094 pellem

208 3109 471 3168 manibus
496 3132 513 3176 ;
536 3118 711 3187 atque
732 3108 812 3166 ita
826 3099 1040 3166 mollita
1067 3107 1247 3166 utitur
1272 3104 1820 3184 tamquam'mantili,
1843 3117 1904 3166 et
1923 3126 1996 3165 ex
2014 3107 2181 3168 freno
2210 3110 2360 3187 equi,

211 3197 327 3280 quo
352 3199 594 3270 vehitur,
621 3191 916 3278 suspendit
944 3199 1349 3277 gloriatu'rque.
1433 3195 1586 3254 Nam
1613 3197 1708 3275 qui
1735 3197 1980 3276 plurima
2003 3198 2258 3258 mantilia
2277 3217 2364 3260 ex

208 3283 457 3384 hostium
477 3283 719 3370 pellibus
742 3291 938 3362 habet,
942 3287 1011 3350 'is
1036 3282 1373 3349 fortissimus
1394 3283 1682 3347 censetur.
1721 3305 1726 3312 ·
1769 3290 1940 3347 Multi
1950 3309 2165 3350 :eoru-m
2191 3292 2366 3352 etiam

214 3377 288 3445 ex
316 3382 597 3444 detractis
622 3383 783 3442 hisce
809 3383 1053 3463 pellibus
1079 3384 1273 3452 laenaS,
1303 3399 1447 3460 quas
1459 3376 1734 3450 induant,
1764 3379 2092 3478 conficiunt,
2131 3403 2363 3445 consar-

212 3477 469 3536 cinantes
493 3475 664 3533 illas
647 3495 707 3532 ιιι
732 3475 963 3533 m‘odum
990 3473 1265 3534 coriaoeae
1282 3471 1455 3532 vestis
1480 3469 1810 3550 pastoritiae.
1823 3471 2028 3532 Multi
2052 3475 2194 3535 item
2221 3478 2363 3536 dex·

212 3578 323 3628 tras
348 3586 555 3626 manus
581 3551 896 3625 occisorum
939 3566 1187 3624 hostium
1215 3585 1349 3624 cum
1374 3563 1508 3642 ipsis
1535 3563 1824 3642 unguibus
1853 3567 2172 3639 excoriant,
2203 3581 2264 3628 et
2293 3589 2366 3628 ex

210 3657 537 3736 hujusmodi
575 3658 819 3737 pellibus
856 3658 1131 3762 opercula
1156 3655 1474 3716 conficiunt
1515 3654 1932 3734 pharetrarum.
2007 3657 2126 3719 Est
2171 3672 2366 3720 autem

216 3751 382 3829 pellis
411 3750 659 3809 humana
685 3761 745 3808 et
784 3750 961 3829 spissa
990 3760 1049 3808 et
1066 3749 1339 3817 candida,
1356 3747 1724 3825 ‘ita·quidem,
1751 3760 1838 3820 ut,
1857 3749 1905 3808 si
1923 3748 2106 3810 modo
2133 3752 2208 3811 de
2237 3751 2368 3813 albo

216 3843 443 3901 homine
466 3842 560 3912 sit,
579 3842 841 3901 candoris
860 3842 1163 3936 splendore
1180 3841 1291 3900 alia
1310 3839 1502 3898 omnia
1519 3840 1676 3899 coria
1696 3851 1944 3919 superet.
1988 3843 2178 3902 Multi.
2191 3845 2364 3906 etiam

217 3945 365 3994 totos
386 3935 642 3992 homines
660 3935 973 4026 excoriant,
990 3944 1052 3992 et
1066 3953 1240 4012 super
1260 3932 1427 4010 lignis
1448 3942 1716 3992 extentos
1731 3933 1893 4010 equis
1909 3933 2362 3997 circumvehunt.

218 4027 370 4086 Haec
394 4027 477 4084 ita
500 4017 654 4104 'apud
675 4021 821 4084 illos
826 4043 936 4082 usu
960 4036 1191 4103 recepta
1215 4035 1364 4084 sunt.

289 4109 390 4179 65
436 4117 583 4196 Ipsis
608 4127 799 4176 autem
816 4117 1123 4196 capitibus,
1145 4137 1279 4175 ιιοιι
1290 4117 1510 4195 utique·
1523 4117 1796 4188 omnium,
1825 4119 1971 4179 sed
1953 4119 2367 4178 inimicissimo-

219 4229 363 4281 rum,
392 4203 607 4268 hocce
620 4209 859 4269 faciunt.
939 4209 1113 4274 Quod
1140 4208 1283 4268 infra·
1306 4209 1612 4287 supercilia
1639 4221 1746 4278 est,
1777 4210 1836 4269 id
1851 4219 2046 4269 ιοιιιιιι
2083 4227 2250 4268 serra
2244 4212 2366 4270 ab·

222 4295 517 4371 scindunt3
560 4312 622 4360 et
662 4307 983 4379 expurgato
1008 4301 1218 4371 crani0,
1246 4301 1293 4360 si
1308 4311 1540 4379 'pauper
1564 4301 1738 4360 homo
1763 4310 1871 4371 est,
1899 4301 2121 4359 nonnisi
2150 4303 2370 4362 extrin-

221 4391 400 4454 secus'
424 4393 653 4454 corium‘
682 4389 1072 4472 superinducit
1110 4391 1418 4462 bovinum,'
1440 4401 1499 4456 et
1525 4392 1608 4451 sic
1645 4391 1819 4452 utitur
1858 4410 1962 4467 pro
1989 4393 2232 4469 poculo:
2275 4396 2372 4453 sin.
