2817 4792
1161 278 1493 343 THALIA.
2244 278 2359 343 169

187 404 400 481 magis
421 402 500 465 ibi
519 404 690 469 ardet
713 406 822 479 sol,
841 426 1012 486 quam
1037 407 1346 471 inGroecia
1369 408 1559 469 medio
1584 407 1709 487 ipso
1728 407 1824 467 die·
1852 431 1868 477 ;
1906 406 1991 467 ita
2012 416 2079 465 ut
2096 390 2361 469 dicantur

178 494 276 551 illi
300 507 448 557 tnnc
471 518 623 577 aqua
649 500 900 559 madere.
979 500 1186 561 ‘Medio
1205 522 1341 563 vero
1369 502 1465 560 die
1486 500 1743 560 similiter
1755 500 1889 561 fere
1908 500 1997 563 sol
2023 500 2186 559 ardet
2212 498 2356 559 alios
2412 527 2417 530 ¹
2471 524 2479 535 ·

183 585 464 647 homines
489 602 666 668 atque
692 591 892 649 Indos.
973 591 1284 669 Postquam
1311 593 1386 652 de
1414 592 1604 651 medio
1630 592 1775 651 coelo
1797 590 2111 651 declinavit
2132 590 2240 660 sol,
2266 600 2356 649 ta·

179 679 320 737 lem
344 681 420 739 ibi
449 682 561 741 vim
585 682 785 756 habet,
815 684 1045 769 qualem
1071 685 1206 743 alibi
1229 684 1553 745 matutinus.
1624 684 1933 763 Reliquum
1956 682 2085 741 coeli
2108 681 2357 761 spatium

183 788 565 847 percurrens,
592 764 772 853 magis
811 775 1110 853 magisque
1135 775 1346 853 friget·
1385 776 1593 847 donec,
1620 774 1719 835 ubi
1746 775 1824 835 ad
1860 793 2131 847 occasum
2156 792 2357 852 perve-

179 862 304 932 nit,
333 864 646 925 admodum
673 867 848 925 etiam
870 866 1094 944 friget.-

279 959 419 1015 105.
458 956 778 1036 Postquam
815 957 888 1016 ad
916 958 1109 1027 locum
1136 958 1270 1018 Indi
1302 968 1708 1037 pervenerunt,
1732 958 1950 1029 calena,
1979 976 2122 1036 quos
2148 972 2351 1017 secum

181 1044 482 1116 adtonsi-e,
509 1048 716 1107 sabulo
744 1049 1058 1127 complent,
1089 1061 1148 1109 et
1167 1070 1334 1129 quam
1355 1052 1601 1130 primum
1628 1068 1755 1111 sese
1782 1050 2083 1128 recipiunt.
2164 1048 2353 1107 Proti-

181 1154 308 1194 nus
349 1138 498 1195 enim
537 1140 806 1209 formicae,
836 1142 1014 1201 odore
1054 1143 1144 1219 (ut
1167 1143 1328 1206 aiunt
1367 1143 1583 1219 Persae)
1623 1142 1749 1202 illos
1788 1142 2121 1211 sentientes,
2161 1159 2355 1220 perse·

179 1238 492 1303 quantur-3
537 1230 835 1291 velocitate
876 1232 1066 1291 'autem
1109 1234 1258 1307 hanc
1285 1236 1530 1295 bestiam
1554 1234 1693 1295 alias
1720 1252 1920 1293 omnes
1950 1234 2031 1311 ita
2054 1233 2215 1293 aiunt
2256 1252 2353 1291 su-

185 1338 420 1395 perare,
450 1331 514 1377 ut
539 1320 666 1391 nisi,
695 1321 828 1381 dum
855 1336 1278 1402 congregantur
1303 1326 1578 1403 formicae,
1604 1326 1753 1385 viam
1778 1325 2005 1393 interim
2048 1324 2179 1383 Indi
2202 1322 2353 1403 prm·

181 1411 479 1489 ciperem,
503 1413 694 1483 nullus
719 1409 916 1474 eorum
955 1416 1144 1489 salvus
1187 1428 1341 1490 esset
1367 1436 1660 1477 evasurus·
1738 1417 1877 1476 Jam
1902 1434 2089 1496 mares
2116 1415 2352 1493 quidem

181 1502 466 1575 casneios,
485 1523 677 1581 quum
706 1505 838 1573 sint,
857 1506 934 1564 ad
959 1507 1310 1583 currendum
1334 1507 1577 1575 foeminis
1601 1506 1924 1581 inferiores,
1950 1506 2163 1569 viribus
2190 1506 2351 1565 aiunt

187 1592 472 1670 deficere,
513 1605 576 1652 et
601 1595 834 1672 segnius
865 1596 1289 1673 quodammodo
1324 1595 1490 1673 sequi
1518 1606 1858 1675 utrumque3
1898 1596 2165 1656 foeminas
2191 1616 2348 1669 vero,

157 1676 576 1745 'recor-dantes:
606 1687 882 1765 pullorum
911 1686 1064 1745 domi
1104 1686 1457 1767 relictorum,
1490 1686 1631 1747 nihil
1668 1686 1916 1747 molliter
1953 1687 2029 1746 de
2056 1706 2231 1747 cursu
2258 1707 2350 1749 re-

187 1776 437 1837 mittere.
479 1778 768 1855 Majcrem
793 1778 968 1857 igitur
995 1778 1120 1838 auri
1145 1789 1368 1857 partem
1397 1777 1511 1838 hac
1536 1776 1773 1848 ratione,
1802 1786 1867 1837 ut
1891 1778 2123 1855 quidem
2154 1779 2351 1837 Persoe

186 1880 447 1941 narrant,
474 1870 878 1930 nanciscuntur
903 1868 1070 1929 Indi:
1099 1867 1256 1928 aliud
1281 1868 1463 1929 rarius
1482 1877 1571 1929 est
1586 1886 1805 1940 aurum,
1832 1870 1997 1949 quod
2011 1888 2085 1928 ex
2103 1869 2347 1973 metallis

189 1961 483 2025 effoditur.
565 2010 570 2015 .
1231 1978 1234 1985 '

195 2096 204 2103 -
275 2060 418 2115 106.
461 2056 730 2115 Emeum
756 2067 1026 2117 terrarum
1044 2067 1251 2135 partes,
1265 2058 1467 2117 nescio
1492 2074 1607 2135 quo
1626 2066 1823 2136 pacto,
1849 2076 1938 2116 res
1954 2054 2347 2132 proestantiss‘i

187 2166 306 2205 ms
324 2157 460 2205 sunt
481 2149 708 2219 sortitoe,
737 2148 1223 2227 quemadmodum
1243 2148 1477 2208 Groecia
1496 2146 1625 2227 coeli
1642 2146 1989 2227 temperiem
1999 2146 2173 2225 longe
2198 2164 2349 2225 proe-

155 2239 604 2299 ·-stantissimam
621 2241 818 2300 sortita
845 2252 952 2299 est.
1033 2240 1142 2299 Est
1169 2240 1320 2302 enim
1347 2240 1421 2299 ab
1452 2258 1567 2298 una
1590 2249 1774 2317 parte,
1804 2238 2083 2319 orientem
2123 2256 2343 2307 versun,

192 2343 456 2391 extrema
479 2332 775 2411 regionum
803 2332 1186 2393 habitatarum
1222 2331 1439 2403 Indica,
1470 2340 1535 2390 ut
1557 2332 1731 2409 paulo
1756 2342 1891 2407 ante
1918 2331 2056 2391 dixi.
2138 2330 2205 2389 In
2233 2331 2345 2389 hae

189 2422 378 2500 igitur,
407 2424 630 2501 partim,
649 2488 656 2499 ,
675 2424 990 2483 animantes
1017 2424 1435 2502 ‘quadrupedes
1460 2433 1633 2505 atque
1662 2423 1925 2483 'volucres
1954 2422 2146 2481 insunt
2168 2420 2345 2501 longe

187 2520 359 2590 quam
387 2514 446 2571 in
485 2514 714 2591 reliquis
750 2514 1074 2593 regionibus
1112 2513 1467 2591 grandiores,
1508 2512 1671 2591 equis
1712 2513 2007 2591 exceptis;
2049 2531 2181 2573 nam
2220 2532 2343 2572 rna-

189 2604 488 2682 gnitudine
513 2617 854 2683 superantur
882 2606 1150 2667 Indorum
1177 2605 1310 2684 equi
1335 2624 1372 2665 a
1406 2605 1677 2675 Medicis,
1706 2605 1805 2683 qui
1840 2603 2018 2663 Nisaei
2044 2596 2342 2666 vocantur.

189 2697 410 2757 Partim
447 2716 604 2774 vero,
631 2698 752 2756 auri
777 2697 1054 2757 immensa
1085 2697 1166 2757 ibi
1193 2696 1359 2776 copia
1384 2709 1513 2767 est;
1552 2697 1707 2777 aliud
1742 2696 2031 2766 effossum,
2058 2696 2210 2755 aliu'd
2236 2716 2343 2776 per

189 2788 432 2846 flumina.
443 2788 768 2858 devectum,
797 2787 956 2847 aliud
981 2788 1063 2847 ita
1081 2800 1146 2847 ut
1171 2789 1480 2859 memoravi
1500 2790 1854 2866 subreptum.
1923 2785 2142 2847 Ibidem
2172 2805 2340 2863 porro

183 2881 400 2937 arbores
425 2890 683 2956 agrestes
709 2898 814 2957 pro
838 2880 1030 2939 fructu
1057 2880 1234 2939 Ianam
1261 2879 1457 2949 edunt,
1485 2878 1872 2957 pulcritudine
1900 2889 1961 2936 et
1984 2875 2203 2953 reliqua
2228 2875 2339 2935 vir

183 2982 306 3031 tute
327 2970 552 3030 ovinam
573 2970 760 3030 lanam
769 2981 1183 3049 superantem
1223 2980 1284 3029 et
1311 2969 1660 3032 vestimentis
1678 2966 1814 3029 Indi
1834 2986 1908 3026 ex
1928 2966 2017 3025 his
2040 2964 2337 3027 arboribus

183 3074 438 3123 umntur.
973 3110 980 3115 .

195 3194 202 3201 ·
261 3158 398 3219 107.
439 3156 681 3226 Rursus,
729 3156 1025 3229 meridiem
1051 3174 1266 3225 versus,
1307 3164 1565 3215 extrema
1600 3152 1715 3214 alia
1737 3149 2117 3233 habitatas-uni
2142 3150 2333 3229 regio-

179 3264 314 3305 num
349 3246 568 3309 Arabia
593 3258 699 3306 est.
777 3248 852 3323 In
875 3248 994 3307 ha’c'
1012 3265 1160 3317 vero·
1176 3266 1290 3306 una
1306 3245 1603 3325 regionum
1632 3243 1883 3305 omnium
1900 3244 2037 3304 thus·
2060 3242 2331 3314 nascitur,

180 3348 238 3395 et
261 3337 515 3416 myrrha,
553 3349 614 3397 et
653 3336 823 3411 casia,
867 3350 926 3397 et
967 3338 1410 3409 cinnamomum,
1447 3348 1512 3398 >et
1544 3336 1829 3397 ladanum.
1910 3336 2067 3395 Haec
2092 3334 2332 3414 quidem.

177 3428 386 3499 omnia,
413 3430 680 3503 myrrham
723 3430 772 3487 si
800 3429 1067 3509 excipias,
1105 3448 1226 3488 non
1249 3429 1373 3489 sine
1411 3428 1609 3488 labore
1646 3427 2050 3497 nanciscuntur
2080 3422 2346 3493 Arabes:
2450 3494 2473 3513 .

183 3520 328 3578 Thus
357 3519 593 3599 quidem
635 3519 937 3599 colligunt,
983 3532 1272 3600 styracem
1317 3520 1639 3596 adolentes,
1682 3538 1811 3597 quse
1852 3520 1913 3579 in
1958 3519 2243 3581 Graeciam
2288 3538 2329 3577 a

176 3608 542 3695 Phoenicibus
575 3611 929 3689 importatur.
1010 3611 1270 3691 Styrace,
1289 3611 1548 3689 inquam,
1574 3611 1809 3671 incensa
1826 3612 1959 3672 thus
1985 3610 2329 3678 nanciscun-

173 3713 298 3764 tur:
325 3700 574 3760 arbores
599 3701 750 3761 enim
777 3701 1084 3762 thuriferas
1103 3702 1433 3762 custodiunt
1458 3701 1594 3765 alati
1622 3712 1933 3780 serpentes,
1962 3702 2173 3780 exiguo
2198 3720 2327 3763 cor-

169 3792 651 3873 pore,.variegata
669 3794 882 3871 specie,
909 3793 1124 3873 ingenti
1149 3812 1386 3853 numero
1410 3796 1677 3853 arborem
1706 3806 1991 3875 quamque
2014 3794 2325 3855 circumse-

167 3886 406 3950 dentem
443 3884 616 3943 iidem
643 3884 740 3963 qui
765 3886 1076 3963 AEgyptum
1103 3884 1277 3945 veluti
1296 3885 1505 3945 hostile
1526 3904 1735 3965 agmen
1763 3885 2055 3946 invadunt.
2120 3902 2123 3905 ’
2145 3886 2324 3947 Nulla

165 3995 304 4036 vero
329 3976 446 4035 alia
463 3994 548 4047 re,
565 3976 672 4035 nisi
699 3976 937 4055 styracis
962 3976 1140 4048 fumo,
1161 3978 1219 4043 hi
1244 3979 1318 4038 ab
1335 3978 1629 4037 arboribus
1654 3976 1765 4037 illis
1792 3976 2119 4054 abiguntur.
2166 3992 2173 3997 '

191 4101 204 4109 ·
245 4072 384 4129 108.
425 4067 609 4126 Aiunt
628 4086 766 4127 vero
792 4067 966 4127 etiam
991 4068 1229 4139 Arabes,
1257 4069 1579 4129 universam
1606 4079 1817 4127 terram
1844 4068 1932 4129 his
1957 4069 2318 4149 serpentibus
2430 4123 2443 4132 .

161 4158 462 4237 oppletum
496 4158 586 4229 iri,
609 4158 716 4219 nisi
752 4158 862 4218 illis
897 4158 1192 4219 accideret
1215 4160 1275 4221 id
1303 4161 1461 4239 quod
1493 4172 1850 4240 compertum
1887 4160 2074 4221 habeo
2108 4159 2315 4243 viperis

159 4250 446 4313 accidere.
527 4249 612 4309 Et
637 4261 797 4311 recte
824 4262 970 4331 puto
995 4250 1252 4321 dixerim,
1283 4253 1398 4313 Dei
1421 4251 1856 4331 providentiam,
1873 4263 1937 4311 ut
1962 4262 2053 4311 est
2072 4270 2312 4311 consen·

157 4351 416 4415 taneum,
447 4360 592 4403 vere
631 4361 760 4419 esse
799 4342 1134 4424 sapientem.
1215 4343 1390 4419 Nam,
1432 4363 1565 4425 quus
1609 4352 1671 4407 et
1694 4341 1910 4403 timidae
1950 4341 2154 4407 indolis
2180 4352 2314 4405 sunt

1222 4452 1256 4491 z
