2817 4792
269 293 328 355 -6
909 264 1743 356 nEnonoT1'·-msron.
1787 293 1853 352 1..

283 421 600 484 facietis-ad
620 434 850 484 cantum
869 421 1186 484 fistularum
1203 424 1537 506 fidiumque,
1558 416 1629 482 ac
1648 423 1811 505 tibioe,
1826 433 1943 483 tam
1964 411 2254 483 mulieb'ris
2274 441 2449 502 quam

285 515 480 575 virilis.
531 555 534 560 -
565 516 682 574 Ubi
708 535 846 575 vero
873 516 931 574 in
955 516 1101 576 fines
1130 516 1490 575 Milesiorum
1520 525 1897 594 pervenerat,⁵
1920 515 2167 574 aedificia
2198 516 2259 573 in
2294 515 2453 593 agiis

209 605 216 612 ’
285 627 398 666 nec
425 607 686 666 diruebat
711 627 828 667 nec
855 606 1223 679 incenderint,
1261 625 1467 685 neque⁹
1477 607 1634 666 fores
1668 607 2073 678 abstrahebat,
2095 609 2203 667 sed
2228 608 2457 668 intacta

283 709 438 758 stare
475 699 668 759 omnia
701 699 926 760 sinebat
947 723 980 769 ςι
1003 719 1204 759 verum
1235 700 1535 760 arboribus
1570 709 1633 758 et
1654 709 1838 758 ‘terrae
1872 699 2135 777 frugibus
2170 698 2454 777 corruptis

270 791 518 872 ..domum
545 811 610 851 se
640 791 954 870 recipiebat
971 813 990 851 ι
1027 811 1216 870 quum·
1245 791 1399 852 enim
1424 811 1581 851 mare
1608 789 1938 851 obtinerent
1964 783 2199 861 Milesii,
2238 789 2452 848 nil-ad-

284 881 506 942 tinebat
527 882 962 943 circumsedere
985 885 1188 943 urbem
1215 903 1348 943 cum
1378 883 1659 943 exercitu.
1710 881 1981 942 AEdifieia
2000 892 2205 943 autem·
2218 901 2335 941 non
2360 882 2453 940 di-

263 962 494 1035 'ruebat
514 974 720 1053 Lydus
745 975 858 1034 hoc
887 973 1143 1045 consilio,
1148 985 1232 1034 ut
1255 983 1495 1054 possent
1516 973 1656 1034 inde
1681 974 1967 1054 progressi
1994 973 2211 1033 Milesii
2235 985 2451 1032 terram

285 1083 480 1125 serere
507 1063 837 1144 colet-eque,
861 1064 989 1144 ipse
1008 1085 1162 1138 vero,
1182 1078 1485 1146 postquam
1506 1066 1589 1124 illi
1616 1078 1829 1128 terram
1857 1066 2187 1128 coluissent.
2212 1066 2458 1128 haberet
2484 1047 2503 1068 ’

289 1158 465 1236 quod,
491 1159 814 1218 incursione
841 1158 1020 1229 facta,
1047 1159 1436 1238 popularetur.

271 1289 314 1300 -·
372 1255 478 1308 18..
497 1250 635 1309 Hoc
655 1250 904 1310 maxime
923 1251 1108 1309 modo
1125 1269 1228 1329 per
1253 1251 1525 1310 undecim
1551 1270 1729 1310 annos
1748 1251 1964 1310 bellum
1988 1252 2334 1329 gerebatur-3
2358 1249 2453 1309 in-

194 1351 198 1356 ’
288 1352 380 1400 tra
405 1361 549 1420 quos
576 1342 694 1401 duo
719 1341 978 1420 ingentia
1001 1343 1240 1402 vulnera
1267 1343 1483 1402 Milesii
1510 1362 1807 1422 accepere,
1824 1361 1998 1401 unum
2019 1343 2220 1422 praelio
2248 1344 2323 1402 ad
2348 1343 2455 1401 Li-

289 1453 558 1492 meneum
583 1434 641 1492 in
658 1434 922 1512 ipsorum
945 1433 1153 1494 finibus
1177 1436 1505 1506 commisso,
1545 1435 1791 1494 alterum
1816 1434 1876 1492 in
1892 1435 2201 1493 «Maeandri-
2229 1451 2461 1513 campo.

291 1525 810 1586 Horum-undecim
837 1545 1116 1586 annorum
1144 1547 1246 1586 sex
1269 1527 1464 1586 adhuc
1492 1527 1821 1606 Sadyattes,
1854 1527 2068 1606 Ardyis
2094 1527 2262 1598 filius,
2297 1526 2458 1604 apud

291 1616 494 1694 Lydos
519 1629 877 1696 regnaverat,
897 1619 993 1699 qui
1013 1639 1116 1698 per
1143 1619 1204 1678 id
1231 1630 1461 1697 tempus
1480 1639 1613 1676 cum
1642 1618 1904 1677 exercitu
1927 1617 2071 1678 fines
2093 1619 2459 1677 Milesiorum

289 1709 648 1778 incursabat3
678 1699 986 1792 Sadyattes
1013 1711 1166 1778 enim
1183 1711 1280 1770 hic
1302 1711 1656 1770 conflaverat
1678 1710 1739 1768 id
1764 1699 2287 1795 bellumt'quinque
2312 1728 2459 1769 vero

287 1801 720 1879 insequentibus
743 1805 906 1864 annis
936 1805 1240 1881 Alyattes,-
1269 1801 1565 1881 Sadyattis
1592 1802 1768 1873 filius,
1800 1802 2012 1859 bellum
2052 1803 2323 1879 gerebat,
2348 1803 2456 1879 qui

287 1893 448 1965 illud,
475 1914 512 1953 a
537 1907 696 1973 patre
733 1898 825 1969 (ut
851 1915 1024 1973 supra
1049 1895 1221 1953 etiam
1247 1893 1583 1967 memoravi)
1622 1893 1728 1952 sibi
1752 1892 2044 1962 traditum,
2069 1893 2293 1952 intente
2318 1913 2459 1971 per-

287 1995 521 2044 secutus
547 1987 656 2044 est.
713 1987 848 2052 Quo
867 1987 925 2044 in
944 1987 1102 2046 bello
1121 1985 1264 2045 nulli
1284 2005 1319 2044 e
1341 1986 1576 2043 Ionibus
1592 1985 1972 2044 'sublevarent
1998 1984 2278 2055 Milesios,
2300 2005 2457 2065 proe-

287 2075 550 2155 terquam
578 2076 712 2136 Chii
731 2079 864 2138 soli:
893 2077 952 2136 hi
979 2091 1194 2150 autem,
1215 2097 1413 2157 opem
1406 2078 1518 2136 illis
1538 2077 1811 2149 ferentes,
1828 2078 2015 2137 vicem
2030 2079 2458 2184 'rependerunt3

287 2187 422 2228 nam
447 2180 508 2228 et
537 2169 768 2228 Milesii·
777 2181 952 2232 antea
977 2169 1211 2243 Chiis,
1196 2190 1256 2230 ιιι
1279 2169 1436 2229 bello
1466 2189 1600 2230 cum
1628 2169 1965 2250 Erythraeis,
1992 2169 2205 2252 sociam
2230 2168 2457 2249 praesti·

289 2271 492 2319 terant
507 2279 760 2340 operam.

307 2375 314 2386 ·
372 2357 466 2412 19.
497 2352 616 2411 Sed
637 2371 787 2412 anno
805 2352 1175 2432 duodecimo,
1196 2353 1491 2414 succensis
1510 2354 1584 2412 ab
1606 2351 1869 2412 exercitu
1890 2351 2203 2430 segetibus,
2229 2352 2345 2410 hoc
2364 2353 2455 2410 rei

157 2449 169 2460 ‘
287 2443 519 2504 accidit.
563 2444 953 2524 Simulatque
937 2465 1188 2506 mcensoe
1211 2457 1444 2524 segetes
1465 2455 1647 2515 erant,
1668 2443 1879 2503 valido
1874 2455 2087 2504 coorto
2105 2454 2298 2514 vento,
2330 2443 2452 2500 Mi

288 2553 482 2594 nervae
505 2536 774 2614 templum
804 2537 1142 2615 cognomine
1172 2537 1428 2596 Assesiae·
1458 2536 1726 2614 corripuit
1751 2535 2000 2616 flamma,
2034 2555 2218 2617 eoque
2252 2536 2453 2595 incen-

290 2626 698 2706 dio.templum
739 2627 1128 2707 conflagravit.
1211 2630 1360 2695 Quae
1386 2649 1480 2688 res
1508 2627 1785 2707 principio
1817 2627 2027 2687 nullius
2056 2627 2327 2686 momenti
2356 2638 2453 2686 est

242 2764 246 2768 .
285 2717 518 2789 habita;
543 2719 752 2778 deinde
773 2738 929 2789 vero,
951 2731 1254 2798 postquam
1277 2721 1489 2780 Sardes
1506 2719 1768 2778 rediisset
1786 2719 2089 2789 exercitus,
2110 2718 2169 2776 in
2190 2719 2452 2777 morbum

291 2810 580 2890 Alyattes·
607 2810 824 2870 incidit.
905 2812 1250 2872 Diuturnior
1288 2831 1481 2890 quum=
1506 2822 1660 2870 esset
1700 2811 1951 2881 morbus,
1994 2811 2259 2890 Delphos
2289 2810 2454 2869 'misit

286 2904 386 2982 qui
415 2903 622 2965 Deum·
637 2904 723 2962 de.
739 2903 1052 2964 valitudine
1079 2891 1467 2973 consulerent,
1496 2903 1614 2962 sive
1639 2903 1827 2961 alieno
1852 2903 2091 2961 consilio
2116 2904 2192 2961 ad
2216 2903 2455 2960 mitten-

288 2995 426 3054 dum
449 2995 734 3068 inductus,
775 2995 895 3054 sive
925 3015 1047 3056 suo.
1130 2996 1216 3055 Hi
1243 3017 1419 3075 quum
1448 2993 1712 3074 Delphos
1738 2993 2045 3067 venissent,
2070 2996 2306 3073 negauit
2333 2995 2457 3074 Py-

285 3087 408 3146 thia
426 3086 496 3148 se
530 3105 868 3166 responsum
893 3088 976 3148 eis
1001 3079 1364 3164 reddituram
1378 3087 1705 3168 priusquam
1746 3087 2032 3146 Minervae
2052 3088 2332 3168 templum
2358 3106 2457 3145 re-

285 3179 618 3249 stituissent,
648 3181 807 3257 quod
834 3181 1073 3239 Assesi
1055 3201 1116 3239 m
1145 3179 1501 3240 Milesiorum
1530 3198 1693 3258 agro
1688 3171 2070 3238 cremassent.
2466 3185 2475 3192 ’

335 3275 468 3330 .20.
500 3271 648 3329 Haec
674 3271 755 3329 ita
780 3283 920 3330 acta.
940 3291 1068 3330 esse
1092 3272 1362 3351 equidem
1389 3293 1467 3330 ex
1496 3265 1926 3350 Delphensibus
1952 3271 2149 3329 audire
2176 3270 2450 3330 memini·

291 3301 410 3423 sed
425 3362 639 3422 Milesii
665 3362 788 3421 istis
807 3364 919 3421 hoc
945 3363 1246 3440 adjiciunt,
1273 3364 1649 3423 Periandr-um
1678 3361 1913 3441 Cypseli
1934 3362 2131 3433 filium,
2155 3383 2330 3440 quum
2352 3383 2455 3420 au-

293 3457 470 3515 disset
484 3455 790 3514 oraculum
822 3455 1080 3534 Alyattae
1099 3453 1410 3525 redditum,
1431 3449 1503 3514 ea
1527 3455 1601 3513 de
1628 3474 1693 3514 re
1722 3455 2162 3533 Thrasybulum,
2186 3456 2255 3513 M
2260 3455 2453 3514 desio-

293 3567 419 3606 rum
445 3557 584 3606 tunc
604 3545 876 3624 temporis
899 3544 1221 3624 tyrannum,
1249 3543 1497 3626 hospitio
1524 3558 1585 3606 et
1602 3545 1851 3605 amicitia
1874 3546 1980 3604 sibi
2006 3546 2063 3604 in
2082 3547 2283 3625 primis
2310 3566 2457 3605 con-

280 3645 568 3716 junctum,
593 3637 768 3698 misso
791 3637 1000 3698 nuncio
1027 3637 1569 3700 ,fecisse-certiorem
1594 3663 1609 3708 3
1647 3657 1763 3716 quo
1786 3638 1911 3708 ille,'
1938 3657 2003 3697 re
2036 3649 2173 3698 ante
2196 3638 2453 3716 cognita,

291 3721 587 3791 consilium
609 3729 840 3808 aliquod
860 3730 937 3790 ad
955 3749 1078 3790 rem
1101 3729 1390 3823 pertinens
1409 3741 1689 3810 caperet.
1716 3730 1809 3789 Ita
1834 3729 2067 3808 quidem
2096 3731 2308 3790 Milesii
2324 3749 2453 3790 rem

291 3835 514 3902 gestam
543 3833 794 3881 narrant.

299 3919 466 3974 ·..21
495 3915 774 3994 Alyattes
791 3931 950 3984 vero,
961 3912 1248 3972 nunciato
1271 3912 1507 3993 Pythiae
1523 3933 1819 3994 responso,
1838 3933 2161 3992 praeconem
2188 3913 2451 3996 protinus

292 4009 577 4068 Miletum
595 4007 761 4078 misit,
787 4006 1050 4076 inducias
1077 4007 1211 4066 cum
1241 4007 1605 4084 Thrasybulo
1632 4018 1694 4066 et
1720 4006 1969 4067 Milesiis
1994 4009 2074 4066 ad
2096 4018 2321 4087 tempus
2345 4027 2455 4086 pa-

291 4113 486 4160 cturus
514 4098 648 4156 dum
673 4099 954 4197 templum
978 4098 1313 4158 aedificaret.
1382 4097 1667 4157 Miletum
1703 4098 1841 4158 dum
1866 4119 1931 4158 se
1958 4100 2182 4159 confert
2201 4099 2448 4177 legatae,
2482 4095 2491 4102 ”

292 4191 683 4271 Thrasybulus
709 4191 788 4250 de
803 4202 929 4250 tota
951 4209 1016 4249 re
1032 4189 1250 4269 liquido
1270 4201 1445 4249 antea
1462 4190 1671 4250 certior
1694 4191 1907 4261 factus,
1922 4211 2031 4250 nec
2048 4192 2294 4270 ignarus
2308 4190 2453 4270 quid

292 4284 588 4344 moliretur
624 4282 916 4364 Alyattes,
954 4283 1096 4342 haec
1120 4282 1495 4343 machinatur.
1576 4283 1874 4363 Quidquid
1912 4285 2227 4344 frumenti
2213 4305 2270 4344 ιιι
2306 4285 2454 4344 urbe

270 4386 435 4446 erat,
479 4387 606 4437 tam.
635 4395 821 4450 suum,
863 4394 1032 4455 quam
1071 4374 1451 4456 privatorum,
1478 4375 1549 4436 id:
1578 4395 1764 4438 omne.⁴
1786 4377 1845 4438 in
1881 4377 2066 4438 forum
2093 4379 2454 4458 comportari
