2817 4792
361 242 444 299 ss
970 220 1423 300 nnaono'rl
1462 220 1805 298 msron.
1846 234 1929 295 11.

363 384 628 435 noscere,
677 366 896 445 Tyrum
927 366 1102 425 etiam
1143 366 1408 444 navigavi
1450 366 1515 425 in
1555 364 1926 436 Bhoeniciam,
1962 380 2143 442 quum
2180 362 2543 424 audivissem

363 474 494 517 esse
517 457 597 515 ibi
625 458 884 515 Herculis
901 458 1152 533 templum
1169 457 1455 535 praecipua
1476 456 1755 539 reiigione
1771 456 2024 525 cultum.
2052 455 2463 549 conspexiqae
2472 456 2547 515 id

361 547 662 625 templum,
691 567 868 625 quum
893 548 1024 608 aliis
1051 548 1244 607 multis
1281 548 1534 610 donariis
1558 547 1794 632 largiter
1834 546 2197 617 instructum,
2226 534 2353 605 'tum
2392 546 2545 605 duee

363 637 505 700 inibi
529 638 816 699 columam
845 648 1028 709 erant,
1057 638 1242 698 altera
1261 637 1577 717 purissimo
1604 656 1683 697 ex
1710 656 1873 719 auro,
1906 636 2093 696 altera
2118 656 2197 697 ex
2214 636 2547 714 smaragdo

364 725 578 805 lapide,
595 782 601 789 .
617 748 746 807 quae
787 738 966 787 noctu
1003 728 1211 789 eximie
1247 728 1613 808 splendebat.
1696 728 2015 793 Sermones.
2045 738 2240 788 autem
2274 727 2545 789 miscens

369 836 502 877 cum
525 818 678 881 illius
705 819 802 879 dei
835 820 1256 897 sacerdotibus,
1286 820 1519 897 quaesivi
1554 838 1631 878 ex
1656 818 1740 877 eis
1765 828 2042 896 quantum
2076 818 2348 897 temporis
2374 829 2549 879 esset

367 927 444 967 ex
469 928 586 986 quo
611 909 680 985 id⁵
698 911 978 989 templum
1003 921 1166 989 esset
1184 920 1481 972 statutum.
1565 909 1784 989 Repeti
1810 918 2021 981 autem,
2060 928 2137 969 ne
2173 910 2263 971 bis
2296 910 2547 988 quidem

368 1001 680 1071 convenire
725 1020 856 1060 cum
897 1001 1157 1061 Gr'aecis:
1217 1001 1492 1061 dixerunt
1534 1001 1705 1071 enim,
1754 1002 1914 1061 sima
1952 1021 2072 1064 cum
2128 1002 2273 1077 Tyro
2312 1003 2558 1063 condita-

367 1093 620 1168 templum
641 1094 814 1155 etiam.
829 1094 967 1151 illud
983 1094 1468 1155 exsecari-stitutum
1486 1114 1509 1157 ,-
1550 1112 1659 1151 esse
1678 1098 1877 1163 autem,
1904 1114 1971 1151 ex
1987 1112 2091 1171 qno
2110 1094 2324 1153 condita
2348 1092 2547 1167 Tyrus

367 1184 466 1253 sit,
493 1204 662 1247 annos
691 1186 768 1243 bis
796 1186 934 1247 mille
955 1194 1007 1241 et
1019 1193 1324 1247 trecentos.
1409 1184 1545 1245 Vidi
1571 1204 1715 1245 vero
1738 1184 1883 1267 Tyri
1909 1181 2068 1245 aliud
2092 1185 2267 1249 etiam
2298 1185 2545 1245 Hercu·

335 1323 341 1327 -
367 1276 440 1339 lis
466 1277 764 1355 templum,
790 1276 1136 1381 cognomine
1158 1276 1372 1341 Thasii.
1457 1275 1597 1337 Adii
1622 1287 1817 1336 autem
1846 1276 2019 1337 etiam
2039 1277 2315 1347 Thasum,
2332 1276 2553 1369 ibiqne
2600 1340 2611 1349 ,

370 1367 650 1446 templum
677 1368 868 1445 reperi
894 1386 930 1426 a
955 1368 1328 1430 Phoenicibus
1361 1368 1475 1428 illis
1502 1378 1879 1437 exstructum,
1912 1368 2036 1459 qui,
2064 1388 2239 1460 quum
2268 1368 2347 1427 ad
2372 1388 2551 1446 quee-

373 1460 614 1519 rendam
659 1450 948 1539 Europam
989 1460 1228 1520 navibus
1271 1470 1464 1523 essent
1494 1460 1765 1539 profecti,
1812 1461 2089 1521 Thasum
2110 1460 2547 1534 condiderunt:
2551 1534 2561 1543 ἢ

372 1540 534 1631 quod
558 1549 786 1635 quidem
817 1551 1072 1630 quinque
1097 1552 1389 1629 hominum
1420 1552 1890 1629 generationibus
1912 1548 2069 1630 prius
2090 1551 2325 1623 accidit,
2348 1572 2544 1630 quam

371 1642 432 1703 in
461 1642 696 1703 Graeeia
721 1654 891 1702 natus
922 1654 1013 1702 est
1050 1642 1357 1712 Hercules,
1399 1642 1839 1723 Amphitryonis
1874 1639 2056 1703 filius.'
2128 1642 2225 1701 Ex
2250 1638 2555 1714 hactenus

371 1733 546 1811 igitur
573 1733 846 1813 expositis
871 1734 1024 1793 clare
1051 1744 1234 1812 patet,
1261 1733 1560 1811 antiquum
1588 1733 1765 1800 deum
1792 1733 2115 1793 Herculem
2140 1752 2287 1797 esse.
2334 1735 2566 1803 Quare.

369 1826 686 1887 rectissime
723 1826 860 1885 mihi
885 1826 1155 1887 videntur
1193 1824 1274 1883 illi
1315 1844 1388 1883 ex
1426 1824 1655 1886 Graecis
1690 1826 1927 1897 facere,
1943 1824 2041 1904 qni
2080 1826 2217 1887 bina
2254 1823 2548 1887 Herculis

374 1918 589 1999 templa
607 1918 920 1979 constituta
943 1916 1194 1985 habent3
1234 1925 1294 1975 et
1313 1915 1477 1975 alteri
1502 1916 1745 1977 Herculi
1766 1928 1831 1977 ut
1847 1918 2173 1989 immortali,
2192 1914 2554 1995 cognomine

379 2009 676 2091 Olympio,
701 2028 868 2073 sacra
903 2008 1160 2076 faciunt3
1201 2007 1443 2067 alterum
1472 2007 1721 2087 heroicis
1746 2008 2059 2070 honoribus
2097 2022 2553 2089 prosequuntur.

454 2106 554 2161 45.
601 2099 854 2162 Narrant
879 2109 1076 2158 autem
1104 2098 1302 2157 Graeci
1327 2117 1504 2176 quum
1528 2098 1641 2158 alia
1665 2100 1847 2161 multa
1870 2100 2309 2171 inconsiderate,
2329 2111 2465 2169 tum
2474 2112 2573 2163 et

375 2192 506 2251 haec
531 2193 704 2263 fatua
721 2210 919 2249 eorum
941 2190 1136 2250 fabula
1157 2200 1266 2259 est,
1285 2208 1461 2267 quam
1479 2190 1553 2249 de
1581 2191 1843 2255 Hercule
1864 2204 2217 2263 memorant3
2248 2189 2557 2265 dicentes,
2556 2236 2570 2255 ι

378 2290 416 2321 “
436 2303 623 2365 quum,
640 2283 700 2347 in
727 2284 1041 2359 AEgyptum
1069 2280 1339 2351 venisset,
1359 2293 1722 2367 ⁶coronatum
1756 2286 1829 2346 ab
1860 2286 2147 2364 AEgyptiis
2172 2286 2349 2345 veluti
2374 2282 2567 2345 victi-,

375 2393 530 2434 mam
555 2374 758 2443 fuisse,
784 2384 846 2433 et
867 2392 994 2431 cum
1016 2392 1230 2451 pompa
1250 2372 1548 2444 eductum,
1572 2385 1639 2437 ut
1656 2376 1697 2434 J
1700 2376 1790 2433 ovi
1810 2376 2196 2453 immolaretur
2217 2392 2232 2428 ε
2260 2374 2563 2456 illumque·

377 2465 543 2525 initio
567 2466 796 2543 quidem
823 2464 1076 2543 quietem
1103 2465 1308 2543 egisse,
1337 2464 1548 2525 deinde
1573 2483 1713 2527 vero
1738 2486 1917 2545 quum
1956 2468 2033 2528 ad
2060 2468 2238 2529 altare
2274 2465 2547 2548 auspicia-

379 2569 576 2619 rentur
605 2556 968 2632 sacrificium,
998 2562 1229 2619 exserto
1247 2556 1453 2617 robore
1479 2568 1724 2623 cunctos
1748 2559 2159 2630 interfecisse.”
2224 2560 2376 2619 Mihi
2397 2558 2549 2621 vero

377 2650 508 2721 haec
537 2647 798 2713 dicentes
823 2647 1021 2707 Graeci
1049 2666 1278 2726 prorsus
1305 2648 1487 2725 ignari
1514 2646 1783 2707 videntur
1820 2667 1947 2709 esse
1974 2661 2195 2711 naturae
2231 2651 2549 2729 AEgyptio-

381 2761 530 2812 rum,
557 2741 1056 2819 institutorumque
1093 2740 1298 2817 quibus
1333 2740 1414 2797 illi
1458 2749 1708 2799 utuntur.
1790 2742 2015 2807 Quibus
2041 2743 2205 2801 enim
2247 2738 2409 2814 nefas
2446 2756 2549 2807 est

381 2834 640 2915 pecudes
684 2843 959 2921 mactare,
988 2831 1246 2910 exceptis
1283 2832 1485 2891 ovibus
1520 2843 1587 2899 et
1619 2832 1809 2891 bobus
1848 2834 2100 2893 maribus
2126 2834 2448 2913 vitulisque,
2468 2837 2568 2897 si,

380 2926 580 2996 mundi
594 2925 827 2995 fuerint,
849 2935 912 2985 et
930 2922 1258 2992 anseribus3
1285 2922 1346 2981 hi
1365 2939 1484 3000 quo
1502 2933 1677 3009 pacto
1696 2923 1983 2993 hominem
2002 2936 2355 2993 mactarent.
2334 2926 2359 2969 ⁴?
2388 2924 2569 2993 Pm-,

381 3027 562 3087 terea,
599 3036 773 3095 quum
813 3034 958 3076 unus
985 3014 1160 3073 fuerit
1185 3014 1505 3088 Hercules,
1534 3025 1709 3092 atque
1739 3014 1912 3073 etiam
1940 3026 2062 3075 tum
2102 3017 2293 3089 home,
2328 3030 2394 3075 ut
2427 3016 2566 3096 ipsi,

381 3112 570 3180 aiunt3
591 3130 707 3189 quo
721 3121 895 3189 pacto
915 3108 1040 3169 fieri
1059 3107 1264 3187 potuit,
1281 3118 1344 3167 ut
1365 3107 1569 3167 multas
1590 3106 1885 3177 hominum
1902 3108 2192 3197 myriades
2212 3104 2551 3179 occideret?

384 3203 506 3261 Sed
523 3203 650 3261 hoec
673 3221 708 3261 a
729 3222 822 3260 me
850 3201 1132 3261 hactenus
1157 3199 1318 3281 hisce
1347 3200 1423 3261 de
1451 3202 1625 3259 rebus
1651 3196 1809 3261 dicta
1836 3199 1933 3259 Dii
1958 3211 2021 3261 et
2050 3199 2301 3277 Heroas,
2324 3194 2571 3294 quassu„

381 3292 443 3353 in
469 3286 676 3367 bonam
705 3302 947 3373 partem
947 3290 1278 3372 accipiant!

462 3389 562 3460 46.
607 3384 817 3461 capras
861 3394 1056 3453 autem
1088 3395 1166 3443 et
1211 3385 1386 3443 hircos
1431 3354 1544 3443 hac
1581 3382 1659 3445 de
1694 3403 1899 3446 caussa
1934 3405 2053 3447 non
2094 3398 2347 3454 mactant
2384 3384 2437 3447 ii
2466 3405 2575 3451 ex.

387 3475 694 3555 AEgyptiis,
723 3488 866 3552 quos
909 3495 1082 3553 supra
1109 3474 1251 3533 dixi.
1335 3474 1503 3533 Pan
1486 3494 1545 3539 m
1574 3486 1709 3565 octo
1738 3476 1976 3549 deorum
2018 3497 2259 3549 numero
2294 3480 2585 3553 habetur,-

383 3568 546 3673 apud
569 3565 935 3628 Mendesios:
976 3585 1136 3643 quos
1148 3576 1283 3633 octo
1305 3566 1450 3629 deos
1470 3566 1691 3644 priores
1714 3566 1875 3627 aiunt
1890 3568 2069 3629 fuisse
2088 3570 2397 3631 duodecim
2416 3572 2553 3637 diis.

387 3658 643 3735 Pingunt
687 3666 878 3722 autem
919 3668 980 3715 et
1020 3657 1366 3735 exsculpunt
1407 3657 1661 3736 pictores
1706 3668 1769 3718 et
1810 3661 2131 3739 sculptores
2171 3662 2553 3731 simulacrum

386 3750 581 3809 Panis
597 3766 826 3827 prorsus
853 3759 916 3807 ut
944 3746 1159 3818 Graeci,
1186 3746 1342 3807 facie
1365 3749 1622 3827 caprina,
1660 3758 1719 3809 et
1750 3751 2007 3829 pedibus
2024 3752 2206 3822 hirci·
2244 3772 2363 3813 non
2391 3752 2571 3832 quod-

385 3860 520 3909 eum
546 3840 720 3909 talem
747 3858 876 3899 esse
902 3839 1282 3909 arbitrentur3
1320 3840 1426 3901 sed
1453 3840 1693 3901 similem
1720 3840 1881 3901 illum
1908 3843 2033 3903 aliis
2060 3839 2169 3904 diis
2196 3845 2549 3909 existimarim

388 3934 512 3994 Cur
535 3942 729 3997 autem
757 3932 838 4001 ita
858 3930 1114 4009 pingant,
1142 3949 1260 3991 non
1285 3931 1348 3989 in
1371 3932 1563 4003 animo
1580 3932 1719 3992 mihi
1738 3944 1829 3993 est
1857 3954 2203 4015 exponere..
2246 3937 2549 4042 Religiose

386 4036 592 4099 autem3
625 4022 824 4085 colunt
864 4022 1155 4101 Mendesii
1195 4041 1499 4101 caprarum
1538 4042 1707 4083 omne
1754 4045 1957 4103 genus,
1996 4027 2103 4087 sed
2116 4028 2348 4107 magis·
2368 4024 2567 4096 etiam.

384 4136 576 4185 mares
612 4134 784 4195 quam
809 4114 1108 4184 foeminas3
1148 4125 1208 4173 et
1244 4115 1351 4181 hos
1389 4120 1607 4197 majore
1644 4116 1705 4178 in
1739 4114 1963 4178 honore
2004 4110 2223 4181 habent
2260 4130 2546 4199 pastores.

386 4210 557 4287 [sive.-
600 4219 662 4267 et
695 4206 900 4265 horum
939 4216 1198 4285 pastores
1239 4211 1455 4281 majore
1494 4216 1629 4269 sunt
1654 4208 1713 4291 in
1739 4208 2010 4286 honore]
2078 4210 2184 4269 Ex
2223 4210 2311 4269 his
2346 4224 2545 4273 autem

384 4318 532 4359 unus
553 4310 642 4362 est
660 4298 928 4389 maxime,
949 4298 1047 4377 qui
1065 4297 1298 4384 quando
1319 4297 1571 4389 moritur,
1587 4299 1851 4363 universa
1872 4300 2183 4363 Mendesia
2199 4302 2552 4382 praefectura
2598 4333 2607 4341 ·
