2817 4792
421 301 469 362 ’8
999 303 1457 369 HERODOTI
1478 299 1835 368 'HtsToR.
1880 307 1929 366 1.

423 431 618 514 ibique
637 427 1100 515 quid'accidis'set
1125 429 1443 496 enarrasse.
1498 427 1868 496 Periandr-uni
1890 426 2047 507 'vei-o,
2074 452 2253 514 quum
2278 431 2457 496 fidem
2472 450 2597 496 non

425 526 689 599 haberet,
717 528 972 587 tenuisse
1001 526 1280 586 Arionem
1317 529 1377 585 in
1415 528 1701 601 custodia,
1743 549 1819 588 ne
1857 547 1975 606 quo
2000 528 2274 607 prodiret,
2315 538 2597 588 caeterum

423 637 620 678 curam
647 606 960 680 intendisse
985 619 1044 677 in
1071 630 1298 678 nautas.
1373 619 1587 680 ‘Nautae
1610 631 1678 678 ut
1716 620 2057 681 Corinthum
2082 617 2458 691 advenerunt,
2490 637 2597 678 ac·

420 709 566 770 citos
592 712 667 770 sd
690 731 758 770 se
775 719 1169 790 percontatum
1197 729 1325 770 esse
1352 712 1750 782 Periandrum,
1780 711 1991 791 ecquid
2016 713 2093 771 de
2122 711 2347 770 Arione
2368 731 2593 772 memo-

420 812 652 861 rarent:
691 803 898 880 quibus
927 802 1250 863 dicentibus
1273 804 1495 862 salvum
1516 804 1679 862 illum
1706 804 1765 862 in
1786 804 1958 863 Italia
1984 823 2133 878 esse,
2152 813 2213 862 et
2236 802 2594 862 fortunatum

413 893 660 954 'Tarenti
687 913 726 953 a
747 907 814 954 se
833 895 1118 970 relietum,
1139 893 1469 973 adparuisse
1491 894 1769 955 Arionem
1796 896 2005 956 eodem
2034 896 2193 956 cultu
2212 895 2408 974 quoin
2427 911 2595 956 mare

418 986 800 1092 prosiluerat,
783 1009 800 1025 ·
839 996 901 1044 et
925 986 1074 1056 illos,
1103 986 1441 1065 perterritos
1472 988 1900 1066 convictosque,
1926 1007 2045 1047 non
2071 987 2323 1066 potuisse
2352 987 2595 1067 amplius

414 1077 506 1137 ire
531 1079 773 1138 inficias.
847 1079 1008 1138 Hoee
1034 1078 1268 1158 quidem
1295 1088 1357 1138 et
1385 1079 1667 1139 Corinthii
1692 1087 1939 1140 narrant--
1946 1092 2009 1139 et
2034 1079 2271 1150 Lesbii;
2310 1088 2370 1138 et
2394 1089 2596 1139 exstat
2643 1079 2651 1084 ’

420 1169 652 1230 Taenari
681 1169 983 1230 donarium
1012 1169 1251 1231 Arionis
1269 1185 1516 1302 aeneum,
1534 1191 1651 1232 non
1670 1191 1945 1252 magnum
1964 1172 2108 1231 illud
2128 1172 2383 1251 quidem,
2410 1171 2592 1233 homo

414 1259 670 1320 insidens
696 1260 990 1340 delphino.

497 1356 599 1414 25.
639 1353 915 1432 Alyattes
939 1351 1188 1432 Lydus,
1181 1353 1471 1414 confecto
1495 1371 1627 1414 cum
1655 1351 1901 1414 Milesiis
1932 1354 2109 1425 bello,
2150 1352 2380 1424 deinde,
2408 1368 2587 1432 quum

414 1456 641 1524 septem
668 1456 728 1504 et
756 1444 1172 1524 quinquaginta
1195 1465 1376 1506 annos
1403 1456 1725 1524 regnasset,
1764 1446 1885 1506 vita
1920 1445 2189 1506 excessit
2271 1446 2591 1506 Dedicavit

412 1547 611 1594 autem
635 1534 749 1607 hic,
779 1537 1074 1597 secundus
1093 1557 1164 1596 ex
1190 1539 1306 1598 hac
1328 1537 1564 1608 familia,
1586 1549 1890 1616 postquam
1912 1557 1947 1596 e
1968 1537 2169 1596 morbo
2192 1538 2589 1608 convaluerat,

417 1627 664 1708 Delphis
681 1640 978 1690 craterem·
971 1641 1326 1708 argenteum
1345 1628 1662 1707 ingentem,
1682 1640 1742 1690 et
1758 1628 1922 1690 basin
1944 1629 2187 1688 crateris
2201 1627 2451 1687 feneam
2472 1629 2589 1688 fer-

413 1721 770 1792 ruminatam,
793 1731 1056 1806 spectatu
1083 1723 1316 1802 dignam
1342 1723 1495 1782 inter
1514 1723 1705 1782 omnia
1724 1741 1853 1800 quoe
1881 1731 2013 1780 sunt
2040 1721 2289 1800 Delphis
2312 1719 2589 1808 donaria·
2568 1766 2593 1794 ,

411 1813 630 1873 Glauci
659 1814 788 1874 chii
814 1833 982 1892 opus,
1013 1813 1110 1893 qui
1135 1815 1354 1893 primus
1377 1813 1905 1872 ferruminationem
1928 1812 2105 1871 ferri
2088 1812 2323 1871 invenit.

493 1910 593 1966 26.
617 1905 860 1964 Mortuo
882 1905 1142 1983 Alyattes
1159 1905 1437 1964 successit
1459 1905 1516 1962 in
1544 1923 1787 2008 regnum
1814 1906 2102 1974 Caresus,
2134 1903 2393 1982 Alyattae
2408 1903 2589 1976 filius,

409 2015 592 2056 annos
627 2007 798 2054 natus
833 1996 1090 2074 quinque
1127 2006 1189 2054 et
1219 1994 1454 2074 triginta
1473 2014 1493 2054 z·
1530 1996 1627 2074 qui
1664 1996 2008 2056 Groecorum
2038 1995 2253 2074 primos
2294 1994 2589 2073 Ephesios

411 2089 585 2149 armis
613 2088 838 2148 invasit.
918 2088 1007 2147 Ibi
1033 2098 1176 2149 tunc
1203 2087 1461 2169 Ephesii,
1503 2091 1678 2166 quum
1704 2090 1777 2148 ab
1818 2109 1891 2149 eo
1925 2089 2344 2159 obsiderentur,
2380 2088 2585 2146 urbem

409 2201 574 2240 suam
601 2181 815 2240 Dianae
850 2180 1216 2253 dedicarunt,
1239 2182 1383 2241 fune
1409 2201 1484 2240 ex
1507 2182 1657 2241 illins
1683 2183 1901 2260 templo
1929 2182 2003 2240 ad
2031 2199 2255 2239 murum
2290 2178 2545 2258 adligato
2564 2197 2589 2238 t

411 2283 502 2332 est
542 2283 737 2332 autem
775 2272 930 2330 inter
954 2281 1204 2332 veterem
1244 2275 1470 2344 urbem,
1508 2293 1639 2352 quae
1676 2283 1825 2333 tunc·
1850 2273 2241 2342 obsidebatur,
2280 2281 2341 2330 et
2374 2271 2590 2330 Dianoe

409 2365 712 2445 templum,
741 2375 964 2444 septem
985 2364 1303 2424 stadiorum
1327 2365 1713 2425 intervallum.
1772 2366 1905 2425 Hos
1926 2365 2101 2444 igitur
2116 2361 2327 2442 primos
2346 2363 2587 2440 adgres-

407 2459 508 2517 sus
547 2467 636 2517 est
671 2459 934 2528 Croesus;
962 2455 1178 2517 deinde
1200 2477 1355 2530 vere,
1385 2477 1492 2537 per
1515 2457 1694 2528 vices,
1734 2457 1990 2536 singulos
2018 2474 2277 2534 quosque
2304 2455 2483 2513 Ioniae
2516 2463 2586 2514 et.

413 2550 646 2611 AEtoliae
670 2551 936 2629 populos,
963 2549 1087 2608 aliis
1119 2549 1260 2609 alias
1286 2569 1516 2609 caussas
1544 2549 1814 2620 inferens,
1849 2549 2116 2628 graviora
2150 2557 2447 2606 caussatus
2476 2546 2584 2605 ad·

409 2657 608 2702 versus
647 2643 806 2700 hos
789 2663 848 2700 m
883 2643 1090 2721 quibus
1120 2642 1416 2720 graviores
1455 2643 1709 2723 reperire
1746 2661 1979 2702 caussas
2013 2649 2255 2720 poterat,
2289 2638 2586 2700 nonnullis

413 2734 583 2796 'etiam
609 2737 759 2795 levia
783 2736 1092 2795 admodum
1115 2737 1494 2815 exprobrans.

487 2831 585 2891 27.
607 2828 860 2898 Deinde,
881 2830 1182 2907 postquam
1206 2829 1406 2887 Asiam
1430 2828 1755 2888 incolentes
1776 2826 1971 2888 Graeci
1994 2828 2071 2886 ad
2090 2801 2461 2905 pendendum
2482 2825 2586 2884 tri-

408 2921 612 2979 butum
639 2931 802 2980 erant
828 2920 1074 2991 subacti,
1101 2919 1398 3009 constituit
1424 2919 1719 2980 aedificatis
1747 2921 1985 2979 navibus
2006 2919 2296 2978 insulanos
2320 2917 2584 2995 adgredi.

409 3011 513 3070 Ad
532 3033 674 3091 quas
693 3011 1140 3092 compingendae
1161 3031 1337 3091 quum
1364 3011 1557 3072 omnia
1577 3011 1631 3071 ei
1650 3023 1844 3072 essent
1864 3011 2083 3091 pai-ata,
2103 3011 2261 3069 aiunt
2286 3009 2379 3068 alii
2400 3008 2582 3068 Bian-

407 3109 531 3162 tem
560 3105 948 3176 Prienensem,
986 3125 1162 3185 quum
1194 3103 1402 3165 Sardes
1424 3103 1693 3177 venisset,
1716 3104 1809 3165 alii
1833 3105 2121 3164 Pittacum
2152 3101 2579 3189 Mitylenoeum,

407 3193 819 3272 interrogatum
849 3215 888 3268 a
911 3197 1116 3256 Croeso
1142 3197 1334 3274 ecquid
1353 3197 1579 3255 maxime
1597 3199 1721 3255 novi
1750 3205 2039 3276 gereretur
2062 3196 2207 3270 apud
2232 3185 2477 3262 Groecos,
2504 3209 2585 3252 ea

369 3289 380 3298 ‘
408 3287 776 3364 respondisse
810 3287 940 3364 q'uae
963 3287 1122 3346 illum
1149 3309 1224 3368 ne
1253 3289 1497 3348 classem
1532 3289 1841 3349 conficeret
1874 3287 2263 3346 inhibuerunt.
2343 3285 2582 3345 Dixisse

409 3379 561 3437 enim
581 3397 600 3436 ι
639 3385 678 3414 “
701 3377 974 3450 Insulani,
1004 3399 1040 3437 ο
1064 3399 1192 3456 rex,
1219 3381 1426 3439 decem
1452 3381 1631 3439 millia
1656 3380 1913 3459 equitum
1942 3378 2295 3447 conducunt,
2333 3376 2579 3456 expedi-

405 3469 620 3528 tionem
648 3469 922 3528 adversus
949 3471 1154 3530 Sardes
1181 3481 1354 3550 atque
1375 3482 1436 3531 te
1460 3473 1819 3534 molientes.”
1860 3473 2121 3532 Croesum
2144 3481 2359 3539 autem,
2381 3481 2575 3528 ratum

404 3578 542 3620 vera
569 3581 699 3619 eum
725 3561 937 3631 dicere,
981 3564 1380 3644 respondisse:
1422 3571 1463 3602 ⁴⁶
1490 3562 1728 3626 Utinam
1756 3563 1831 3622 dii
1856 3563 2008 3622 hanc
2043 3571 2293 3622 mentem
2320 3563 2460 3621 dent
2484 3561 2579 3620 in·

310 3716 316 3728 ⁸
404 3653 636 3720 sulanis,
657 3663 721 3711 ut
747 3650 1046 3732 Lydorum
1067 3653 1214 3714 filios
1235 3675 1362 3714 cum
1386 3657 1641 3737 equitatu
1651 3657 1929 3741 ‘invadere
1948 3657 2129 3714 velint
2144 3655 2197 3714 !’'
2238 3654 2389 3712 Tum
2412 3653 2575 3712 illurn

405 3744 786 3822 escipientem
815 3745 1063 3806 dixisse:
1105 3754 1146 3783 “
1167 3745 1397 3808 Videris
1423 3749 1582 3822 mihi,
1611 3769 1733 3819 rex,
1774 3747 1982 3827 cupide
2008 3758 2147 3806 vota
2170 3747 2369 3805 facere
2398 3756 2463 3804 ut
2488 3745 2577 3803 in·-

401 3837 633 3898 sulanos
663 3837 834 3916 equis‘
846 3851 1047 3898 vectos
1076 3839 1475 3918 deprehendas
1507 3844 1565 3901 in
1591 3842 1942 3918 continente,
1968 3841 2127 3900 haud
2154 3835 2413 3897 absurda
2435 3857 2577 3916 speg

403 3929 693 3989 insulanos
727 3951 864 3990 vero
903 3931 1037 4010 quid
1074 3943 1381 4012 putas,rex
1421 3955 1537 4013 quo
1573 3936 1819 4014 primum
1856 3933 2147 4006 aedificare
2181 3943 2243 3989 te
2276 3940 2487 3989 contra·
2510 3949 2580 3990 se

405 4023 647 4092 classem
676 4023 1034 4095 audiverunt,
1064 4035 1337 4104 exoptare
1373 4027 1553 4097 aliud,
1576 4027 1681 4085 nisi
1709 4037 1789 4097 ut,
1816 4036 2120 4104 postquam
2147 4022 2281 4082 vela
2305 4021 2579 4081 dederint

401 4113 610 4189 uentis,
638 4118 699 4175 in
725 4119 864 4176 mari
893 4117 1330 4197 deprehendant
1353 4120 1575 4201 Lydos,
1597 4131 1771 4199 teque
1797 4138 1901 4198 pro
1928 4117 2147 4177 Groecis
2175 4109 2577 4176 continentem

401 4203 802 4279 incolentibuS,
847 4229 991 4288 quos
1034 4221 1101 4267 tu
1133 4211 1192 4268 in
1233 4211 1508 4269 servitute
1550 4213 1826 4282 contines,
1876 4209 2231 4270 ulciscantur
2252 4208 2319 4265 ?”
2384 4207 2576 4280 Cujus

403 4301 770 4360 conclusione
797 4299 1067 4361 orationis
1092 4301 1400 4361 admodum
1426 4299 1779 4362 delectatum
1804 4303 2083 4371 Croesum,
2106 4300 2363 4383 paruisse
2384 4297 2483 4366 illi,
2508 4307 2578 4356 ut

402 4393 499 4471 qui
525 4405 761 4476 pei-apte
788 4393 862 4455 ad
898 4413 1023 4455 rem
1059 4393 1288 4456 locutus
1313 4394 1627 4470 videretur,
1658 4391 1730 4457 'et
1748 4409 1785 4456 a·
1816 4393 2153 4455 fabricanda
2182 4393 2367 4452 classe
2396 4388 2580 4450 ‹lesti-
