2817 4792
1016 281 1580 346 MELPOM-ENE.
2262 279 2375 342 241

194 415 385 464 runt:
424 403 525 484 qui
549 421 727 484 quum
751 403 830 462 ad
858 401 1270 482 cyrenaeorum
1294 403 1502 483 urbem
1527 409 1914 473 accesserunt,
1942 398 2230 480 Cyrenaei,
2253 417 2380 460 ora«-

192 497 319 554 ouli
344 496 647 575 cujusdam
675 494 955 574 religione
980 513 1045 553 se
1071 492 1331 572 soluturi,
1357 513 1463 572 per
1488 492 1667 572 ipsam
1693 495 1898 553 urbem
1925 492 2052 552 illos
2072 490 2222 572 passi
2249 501 2381 550 sunt

194 590 470 650 transire.
552 589 666 648 Per
693 608 865 668 quam
886 587 1023 646 dum
1053 586 1311 648 transivit
1332 586 1640 659 exercitae,
1661 585 1862 658 Bares,
1881 584 2177 644 navalibus
2203 582 2378 662 copiis

190 682 534 760 praefectus,
566 681 693 760 capi
718 682 919 742 urbem
936 679 1143 756 jussit:
1173 691 1235 740 at
1262 680 1513 751 AmasiS,
1532 679 1812 758 pedestris
1829 679 1948 739 dux
1973 677 2285 749 exercitus,
2302 696 2378 737 ne

192 773 261 832 id
276 774 465 856 ‘fieret
493 773 811 852 prohibuit3
857 780 899 810 “
918 783 1125 833 contra'
1145 771 1326 832 solam
1372 772 1676 842 Baroam,”
1714 771 1930 846 dicens,
1979 776 2021 808 “
2037 788 2152 830 nec
2177 779 2380 829 contra

196 866 381 926 aliam
417 865 687 926 Graecam
726 866 930 924 urbem
971 885 1035 924 se
1078 884 1205 925 esse
1244 863 1535 924 missum.”
1612 862 1851 925 Deinde
1889 881 2048 936 vero,
2073 873 2380 942 postquam

195 957 563 1018 transiissent
582 969 641 1018 et
658 957 719 1016 in
744 956 891 1016 colle
911 955 1259 1017 resedissent
1284 957 1327 1016 J
1327 956 1448 1016 ovis
1469 955 1671 1036 Lycei,
1690 956 1958 1035 poenituit
1979 975 2080 1015 eos
2102 955 2377 1035 Cyrenen

195 1070 327 1110 non
353 1049 624 1122 tenuisse,
648 1049 973 1128 iterumque
1000 1047 1226 1128 ingredi
1254 1049 1452 1108 urbem
1487 1059 1820 1120 tentarunt,
1804 1074 1819 1088 ·
1859 1047 1964 1108 sed
1999 1057 2189 1128 portas
2216 1046 2376 1107 olau-

194 1161 337 1201 sere
365 1141 649 1221 Cyrenoei.
732 1141 884 1201 Tum
929 1141 1158 1218 Persas,
1200 1141 1430 1200 nemine
1469 1140 1610 1202 licet
1649 1152 2027 1220 repugnante,
2057 1150 2243 1199 metus
2290 1139 2378 1200 in-

194 1232 423 1292 cessit:
465 1243 525 1292 et
552 1251 722 1292 cursu
748 1251 812 1292 se
838 1232 973 1292 inde
1000 1232 1077 1292 ad
1102 1233 1403 1314 sexaginta
1423 1232 1546 1292 fere
1572 1232 1757 1293 stadia
1784 1243 2152 1313 receperunt,
2173 1233 2371 1314 ibique

190 1325 561 1384 resederunt.
622 1323 743 1384 Ubi
769 1325 905 1383 dum
930 1323 1136 1384 stativa
1159 1324 1359 1384 habuit
1383 1324 1700 1402 exercitus,
1729 1325 1964 1385 advenit
1989 1327 2062 1385 ab
2088 1326 2366 1405 Atyande

196 1415 472 1488 nuncius,
502 1415 601 1495 qui
638 1415 767 1477 illos
794 1426 1116 1476 revocaret.
1198 1417 1279 1476 Et
1312 1417 1529 1490 Persae,
1556 1428 1944 1477 commeatum
1982 1417 2091 1478 sibi
2128 1417 2372 1498 praeberi

194 1507 425 1586 precati
442 1527 481 1567 a
503 1507 819 1588 Cyrenaeis,
840 1519 1089 1587 accepto
1104 1509 1180 1570 ab
1202 1507 1418 1569 eisdem
1443 1519 1776 1570 commeatu
1785 1509 1848 1568 in
1874 1510 2185 1590 AEgyptum
2213 1509 2373 1570 abie-

196 1610 350 1661 runt.
432 1601 523 1665 At
547 1600 683 1661 inde
710 1600 1069 1688 excipientes
1107 1600 1235 1662 illos
1261 1601 1500 1681 Libyes,
1529 1611 1594 1662 ut
1618 1601 1860 1686 quisque
1887 1602 2156 1662 tardabat
2179 1620 2373 1684 mora-

192 1671 507 1774 baturque,
532 1692 619 1752 ita
650 1713 790 1772 eum
818 1692 1260 1764 interficiebant,
1294 1713 1409 1772 quo
1436 1694 1644 1755 vestitu
1669 1695 1795 1774 ejus
1828 1693 2166 1775 reliquoque
2191 1681 2370 1776 adpa-

194 1795 327 1844 ratu
347 1762 701 1866 potirentur.
745 1785 936 1858 donec
961 1784 1206 1865 reliqui
1188 1806 1249 1844 ιιι
1276 1785 1600 1874 AEgyptum
1628 1768 2035 1874 pervenerunt.

277 1882 420 1938 204.
463 1877 586 1945 Hie
630 1877 935 1950 Persarum
988 1876 1275 1938 exereitus
1326 1876 1657 1966 longissime
1710 1878 1772 1936 in
1812 1875 2018 1938 Africa
2056 1883 2241 1960 usque
2291 1876 2372 1938 ad

197 1968 590 2048 Euesperides
620 1981 984 2050 pervenerat.
1066 1972 1226 2036 Quos
1264 1989 1405 2034 vero
1441 1989 1518 2030 ex
1544 1969 1798 2034 Barcaeis
1829 1969 2086 2050 captivos
2112 1969 2371 2030 abduxe-

196 2071 349 2132 rant,
376 2061 487 2138 hos
506 2081 588 2122 ex
612 2061 878 2144 AEgypto
892 2061 1095 2142 procul
1115 2081 1152 2121 a
1169 2061 1361 2140 patria
1370 2062 1708 2125 amandatos
1730 2062 1812 2124 ad
1827 2081 2042 2142 regem
2049 2051 2366 2147 miserum

200 2173 425 2234 rexque
450 2153 665 2236 Dalius
686 2155 873 2216 vicum
900 2155 1010 2218 illis
1039 2154 1365 2216 Bactrianae
1392 2154 1662 2236 regionis
1669 2154 2040 2236 habitandum
2065 2153 2366 2235 concessit.

201 2246 281 2304 Et
316 2245 401 2304 illi
424 2245 553 2330 vico
584 2246 720 2308 huic
753 2266 973 2315 nomen
1009 2245 1333 2328 imposuere
1372 2247 1634 2334 Baream,
1663 2267 1793 2328 qum
1831 2247 2022 2308 Barca
2059 2247 2138 2306 ad
2175 2265 2364 2338 meam

202 2358 386 2418 usque
412 2347 645 2398 aetatem
670 2339 729 2398 in
754 2339 1066 2422 Bactriana
1088 2340 1349 2407 habitata
1372 2351 1519 2402 erat.
1749 2393 1754 2398 .

277 2433 418 2500 205.
463 2429 594 2501 Nee
620 2449 759 2492 vero
782 2413 1111 2500 Pheretima
1136 2415 1290 2494 bono
1312 2433 1452 2500 ,vitae
1475 2433 1593 2496 fine
1619 2453 1726 2497 usa
1751 2442 1857 2494 est.
1940 2433 2173 2494 Etenim
2195 2432 2362 2494 simul

200 2532 393 2627 atque,
419 2533 628 2606 capta
613 2522 689 2585 de
718 2524 973 2602 Barcoeis
1011 2525 1251 2598 ultione,
1284 2546 1363 2586 ex
1409 2526 1601 2606 Libya
1644 2525 1707 2588 in
1748 2527 2066 2612 AEgyptum
2091 2524 2362 2596 redierat,

200 2613 403 2690 misere
442 2615 622 2676 obiit·
676 2615 870 2678 vivens
902 2617 1146 2723 quippe
1166 2618 1454 2696 vermibus
1483 2617 1701 2694 scatuit
1737 2637 1772 2677 e
1813 2627 1950 2702 oute
1990 2617 2190 2680 enatis.
2267 2617 2363 2678 Ita

198 2725 406 2786 nempe
430 2707 753 2776 hominibus
780 2710 1048 2772 vindictae
1089 2709 1258 2774 nimis
1283 2721 1536 2772 atroces
1527 2709 1839 2772 invidiosoe
1857 2720 1992 2772 sunt
2017 2709 2174 2788 apud
2197 2709 2362 2776 deos.

200 2798 356 2860 Talis
378 2799 553 2884 igitur
574 2813 637 2862 et
662 2811 825 2864 tanta
862 2803 1119 2878 vindicta
1162 2804 1291 2878 fuit,
1318 2823 1490 2884 quam
1528 2802 1605 2867 de
1639 2800 1892 2886 Barcaeis
1939 2800 2097 2884 cepit
2137 2800 2360 2860 Phere-

198 2891 355 2966 tima,
385 2894 542 2956 Batti
566 2914 725 2957 uxor.

849 3513 1029 3558 tuus
1071 3515 1110 3558 L
1123 3515 1267 3563 unu
1308 3515 1589 3568 quanm.

1171 4449 1299 4544 αι’
