2817 4792
987 267 1052 292 ’·
1159 247 1653 336 cALLloPE.
1741 353 1748 358 ,
1963 362 1973 372 ,
2336 243 2465 335 '459

261 379 410 462 “nas
451 413 604 464 esset
644 393 1058 488 postulaturus,
1095 405 1141 465 si
1189 377 1499 466 voluissent
1522 357 1907 507 Apolioniatoe
1948 419 2144 483 poenas
2191 379 2467 474 sustinere

299 511 498 552 eorum
529 493 658 573 q'uae
685 495 742 552 in
769 492 927 554 illum
955 495 1314 556 admisissent
1333 495 1399 553 ?”
1461 493 1564 560 Ει
1584 493 1700 563 ille,
1722 493 1821 572 qui
1849 493 1924 552 de
1950 491 2165 552 oraculi
2192 483 2465 572 responso

269 583 444 646 ³nihil
471 589 783 662 audIverat,
807 601 1028 670 optans
1040 590 1152 650 ait·
1166 599 1234 630 “
1255 592 1302 652 si
1330 591 1455 670 quis
1494 590 1602 668 ipsi
1630 589 1794 650 daret
1829 608 1999 667 agros
2027 587 2217 658 istos,’‘
2259 586 2470 667 (nomi-

295 681 479 739 nabat
501 698 708 759 nempe
737 677 891 742 cives
925 683 1221 762 quosdam,
1245 701 1386 760 quas
1407 691 1647 740 noverat
1672 679 1789 738 duo
1816 679 2199 758 pulcherrima
2218 675 2463 756 Apollo-

295 771 412 829 'niae
438 765 648 850 praedia
691 773 988 850 possidere
1009 781 1049 847 x)
1091 782 1129 810 ‘⁴
1150 784 1210 832 et
1250 773 1406 832 aedes
1448 772 1679 849 insuper
1717 770 1776 828 in
1818 769 2016 838 urbe,”
2058 787 2201 846 quas
2228 761 2465 826 noverat

293 861 399 921 ille
415 857 821 942 pulcherrimas
843 883 1002 934 esse;
1033 873 1072 900 ‘⁸
1093 865 1280 942 haec,”
1294 863 1527 942 inquitst
1532 871 1608 920 si
1624 873 1830 922 nactus
1849 861 2075 929 fuisset,
2104 859 2159 918 in
2177 869 2466 938 posterum

299 973 367 1012 se
388 973 505 1012 non
534 951 809 1014 iraturum
838 973 964 1016 esse
985 955 1221 1026 civibus,
1241 955 1346 1014 sed
1373 954 1487 1013 hac
1503 951 1718 1014 mulcta
1742 953 1866 1012 fore
1884 937 2277 1028 contentum?
2316 951 2466 1016 Quae

295 1043 402 1104 ‘ubi
443 1045 540 1105 ille
579 1047 740 1117 dixit,
783 1047 1110 1114 adsidentes
1159 1047 1213 1106 ei
1265 1045 1421 1105 cives
1460 1043 1917 1131 responderunt.
1966 1049 2009 1080 “
2028 1022 2281 1112 Euenie,
2310 1039 2465 1112 hane
2500 1085 2511 1108 ,

297 1135 596 1207 mulctam,
627 1155 698 1196 ex
722 1138 934 1196 oracuii
961 1149 1258 1218 responso,
1281 1137 1508 1202 solvunt
1534 1135 1641 1199 tib'i
1666 1135 2052 1214 Apolloniatae
2078 1153 2185 1213 pro
2212 1152 2285 1192 eo
2308 1132 2469 1212 quod

299 1236 364 1284 te
391 1224 702 1289 luminibus
725 1227 1066 1307 privarunt!⁹
1105 1229 1185 1288 Et
1216 1227 1314 1286 ine
1352 1227 1605 1306 quidem,
1620 1237 1937 1306 postquam
1972 1242 2095 1284 rem
2112 1221 2300 1284 ιοιιιιι
2328 1243 2468 1302 cog·
2532 1261 2543 1266 -

294 1317 478 1388 novit,
507 1320 805 1397 aegerrime
842 1320 972 1378 tulit
1010 1339 1072 1379 se
1099 1319 1179 1378 ita
1217 1337 1343 1377 esse
1384 1317 1868 1382 circumventum:
1912 1315 2291 1395 Apolloniatae
2329 1334 2470 1390 vero

301 1429 390 1480 ea,
420 1429 550 1488 quae
574 1411 675 1470 ille
703 1403 1024 1490 optaverat,
1045 1420 1196 1470 emta
1216 1427 1252 1468 a
1274 1408 1540 1480 dominis,
1560 1408 1614 1468 ei
1636 1406 1935 1466 dederunt.
1978 1405 2248 1466 Protinus
2269 1417 2466 1476 autem

299 1501 376 1560 ab
403 1498 516 1560 hoc
557 1512 817 1580 tempore
845 1501 1075 1562 insitam
1103 1499 1392 1585 divinandi
1429 1499 1543 1558 vim
1570 1509 1631 1559 et
1663 1515 1827 1558 saera
1864 1497 2276 1578 interpretandi
2311 1497 2467 1556 idem

295 1575 562 1652 Eue—nius
589 1593 810 1664 habuit,
839 1593 918 1652 ita
943 1603 1008 1652 ιιι
1033 1593 1148 1663 hoc
1171 1591 1406 1652 nomine
1434 1589 1677 1652 ceiebris
1706 1589 1972 1650 evaserit.

299 1693 309 1700 “
366 1689 478 1746 95.
509 1681 715 1762 Hujus
741 1685 914 1763 igitur
941 1681 1148 1743 Euenii
1173 1683 1327 1742 filius
1355 1683 1743 1768 Deiphonus‚
1752 1681 2037 1744 adductus
2064 1699 2101 1740 a
2128 1635 2466 1752 Οοιὶιιιῑιίἰε,

297 1781 592 1836 'sacrorum
633 1776 912 1856 interpres
939 1775 1046 1834 fuit
1074 1775 1230 1855 apud
1251 1775 1435 1835 hune
1448 1774 1779 1835 exercitum.
1857 1773 2078 1835 Audivi
2104 1791 2242 1833 vero
2268 1771 2464 1845 etiam,

299 1865 570 1926 'eumdem
599 1868 982 1948 Deiphonum,
1011 1878 1284 1946 usurpato
1314 1866 1524 1926 Euenii
1558 1865 1809 1938 nomine,
1836 1866 2046 1926 obiisse
2074 1863 2383 1938 Graeciam,
2405 1875 2468 1925 et

295 1959 526 2037 passim
538 1978 768 2046 operam
794 1978 956 2031 suam
981 1959 1228 2029 locasse,
1256 1977 1432 2036 quum
1452 1976 1565 2017 non
1583 1957 1785 2024 fuisset
1806 1956 2011 2023 Euenii
2033 1955 2201 2017 filius.

377 2056 479 2112 96.
521 2051 738 2124 Graeci,
765 2063 829 2110 ut
855 2035 1209 2131 pei-litatunt,
1239 2067 1417 2109 naves
1458 2069 1533 2110 ex
1576 2049 1730 2110 Delo
1757 2051 1831 2108 ad
1868 2047 2081 2114 Samum
2124 2060 2465 2120 moverunt·

294 2139 363 2201 et
388 2143 696 2221 postquam
724 2143 799 2202 ad
824 2143 1091 2204 Calamus
1119 2152 1419 2210 venerunt,
1447 2151 1616 2208 terrae
1645 2141 1851 2201 Samioe
1879 2141 2072 2201 locum
2102 2141 2186 2201 ita
2210 2141 2464 2202 nomina·

289 2229 445 2304 tum,
469 2232 546 2292 ibi
573 2253 754 2314 prope
773 2234 1018 2296 Jun'onis
1044 2235 1339 2314 templum,
1371 2233 1532 2312 quod
1558 2251 1630 2293 eo
1656 2232 1767 2292 loci
1786 2244 1893 2304 est,
1925 2233 2271 2315 adpulerunt
2298 2248 2359 2294 et
2386 2235 2463 2294 ad

299 2325 562 2384 navalem
597 2343 846 2404 pugnam
874 2347 939 2386 se
963 2329 1388 2405 'compararunt.
1473 2322 1560 2382 Αἱ
1598 2323 1815 2396 Persae,
1841 2324 1938 2384 ubi
1964 2324 2094 2394 illos
2118 2325 2466 2404 adnavigare

299 2415 671 2486 iesciverunt,
701 2417 807 2496 ipsi
835 2437 1067 2496 quoque
1091 2436 1266 2477 naves
1295 2413 1633 2492 moverunt3
1675 2426 1733 2475 et
1758 2427 1997 2491 eaeteras
2016 2416 2247 2496 quidem
2266 2405 2464 2477 admo-

231 2574 244 2582 ἱ
297 2517 508 2566 verunt
546 2509 883 2579 continenti,
926 2507 1268 2568 Phoenicum
1309 2527 1447 2568 vero
1468 2495 1665 2568 naves
1699 2517 1761 2566 ut
1800 2509 2025 2570 abirent
2062 2508 2461 2586 permiserunt.

303 2597 769 2658 Deliberantibus
793 2591 1008 2678 quippe
1041 2600 1222 2658 visum
1252 2611 1398 2670 erat,
1422 2619 1617 2678 pugna
1642 2599 1825 2658 navali
1862 2618 1977 2659 non
2004 2619 2131 2674 esse
2158 2600 2467 2674 decernen?

300 2691 460 2762 dum,
487 2709 598 2750 nec
625 2691 775 2750 enim
803 2704 866 2749 se
896 2679 1123 2751 Graecis
1143 2694 1312 2770 pares
1333 2709 1462 2753 esse
1491 2681 1903 2750 existimabant.
1949 2691 2048 2749 Ad
2070 2687 2464 2771 continenteni

298 2793 494 2841 autem
521 2781 877 2860 navigarunt,
908 2775 1020 2860 que¹
1049 2775 1242 2841 essent
1267 2782 1373 2840 sub
1418 2780 1697 2860 pedestris
1725 2781 2013 2841 exercitus
2038 2781 2125 2852 sui
2160 2781 2461 2858 tutamine,

271 2875 401 2952 -''qui
442 2873 498 2930 in
539 2865 780 2952 Mycale
821 2867 963 2942 erat,
1006 2891 1215 2951 nempe
1249 2871 1419 2949 jussu
1463 2871 1671 2931 Xerxis
1711 2873 1787 2932 de
1828 2865 2047 2952 reliquo
2088 2873 2345 2943 exercitu
2384 2873 2464 2931 ibi

301 2962 702 3024 eustodiendae·
720 2965 898 3034 Ioniae
917 2980 1121 3022 caussa
1147 2963 1401 3032 relictus.
1446 2962 1759 3042 Sexaginta
1776 2962 2065 3022 hominum
2088 2963 2261 3036 millia
2276 2973 2459 3034 erant,

299 3055 506 3150 quibus
538 3055 830 3162 Tigranes
848 3067 1110 3134 praeerat,
1139 3055 1224 3124 vir
1251 3065 1311 3114 et
1350 3055 1537 3122 forma
1576 3067 1635 3114 et
1662 3055 1876 3128 statura
1912 3055 2187 3128 eminens.
2268 3039 2461 3130 Hujus

297 3145 469 3246 igitur
509 3149 615 3206 sub
639 3142 925 3218 exereitus
961 3157 1221 3206 tutamen
1247 3165 1310 3205 se
1337 3146 1594 3235 recipere
1622 3145 1999 3223 decreverunt
2027 3145 2203 3223 duces
2245 3146 2461 3223 classis,

295 3237 590 3327 navesque
637 3241 694 3297 in
733 3253 943 3299 terram
985 3228 1329 3309 subducere,
1371 3250 1432 3298 et
1470 3239 1621 3298 valio
1669 3238 2044 3318 circumdare,
2084 3219 2244 3316 quod
2290 3237 2459 3312 simul
2516 3225 2529 3234 “

295 3329 710 3390 inunimentum
738 3331 994 3391 navibus
1007 3343 1070 3390 et
1085 3331 1201 3390 sibi
1231 3330 1513 3410 refugium
1538 3341 1709 3390 esset.
1792 3339 1800 3344 ·

375 3426 474 3486 97.
517 3425 654 3482 Hoc
673 3416 814 3491 inito
851 3424 1089 3484 consilio
1158 3423 1358 3484 refecti
1374 3433 1518 3510 sunt
1544 3422 1777 3496 Persoe3
1818 3423 2110 3514 quumque
2150 3433 2459 3506 praeterna-
2490 3479 2502 3494 ,,

295 3511 491 3592 'vigato
529 3507 916 3576 Eumenidum
952 3445 1244 3604 tempii),
1225 3515 1431 3593 quod
1417 3535 1473 3574 ιιι
1514 3515 1755 3600 Mycale
1794 3522 1905 3594 e'st,
1945 3515 2004 3576 in
2046 3515 2353 3592 Gaesonem
2394 3530 2457 3578 et

298 3602 741 3685 Scoiopoentein
770 3606 1077 3676 venissent,
1107 3597 1204 3665 ubi
1235 3618 1324 3666 est
1365 3607 1595 3666 Cereris
1625 3606 1936 3682 Eleusiniae
1974 3609 2271 3687 templum,
2300 3607 2456 3689 quod
2544 3689 2556 3694 ‚

293 3695 568 3757 Philistus
615 3699 834 3769 statuit,
861 3697 1101 3759 Pasic'lis
1141 3697 1310 3770 filius,
1340 3697 1591 3770 ΝεῙειιιιι
1632 3686 1809 3770 codri
1848 3675 2030 3761 iilium
2070 3699 2145 3762 ad
2186 3701 2454 3760 Miletum

291 3789 652 3850 'condendam
695 3801 962 3850 secutus.
1007 3791 1084 3850 ibi
1125 3789 1525 3866 subduxerunt
1576 3809 1789 3854 naves.
1832 3802 1913 3863 et,
1954 3790 2116 3852 coesis
2156 3792 2485 3852 arboribus-

290 3879 602 3958 frugiferis,
629 3901 794 3940 muro
823 3901 921 3941 eas
949 3881 1446 3952 circumdederunt
1484 3882 1691 3959 partim
1716 3881 1932 3984 ligneo,
1958 3881 2165 3960 partim
2199 3882 2455 3961 lapideo,

287 3970 565 4066 palosque
591 3984 921 4051 praeacutos
938 3972 1090 4032 cirea
1114 3993 1338 4032 murum
1367 3971 1711 4042 defixerunt.
1756 3971 2085 4052 Denique,
2068 3991 2127 4029 ιιι
2152 3982 2456 4052 utramque

286 4060 510 4142 partem
535 4083 602 4122 re
629 4063 954 4138 deliberata,
985 4073 1046 4122 et
1087 4065 1164 4123 ad
1203 4063 1561 4125 tolerandam
1603 4063 1959 4124 obsidionem
1986 4073 2048 4122 et
2085 4063 2163 4122 ad
2186 4083 2457 4142 superan-

290 4152 429 4213 dum·
449 4155 674 4214 hostem
703 4172 830 4214 sese
856 4156 1283 4248 comparabant.

365 4251 465 4308 98.
507 4247 728 4317 Graeci,
779 4241 844 4304 ιιι
889 4245 968 4305 ad
1015 4241 1419 4320 continentem.
1452 4240 1659 4308 abiisse
1706 4247 1997 4315 Barbaros
2034 4243 2451 4326 cognoverunt,

284 4335 438 4417 oe'gtre
479 4338 742 4400 ferebant
781 4340 938 4419 quod
977 4337 1084 4399 sibi
1125 4359 1160 4401 e
1193 4340 1455 4401 manibus
1498 4351 1689 4400 essent
1734 4339 1955 4418 elapsi:
1998 4359 2107 4400 nec
2145 4359 2279 4400 vero
2315 4340 2454 4413 satis
