2817 4792
1065 296 1488 357 EUTERPE.
1668 298 1675 305 '
1700 298 1711 313 '
1744 352 1749 357 .
2238 302 2354 359 129

177 420 354 498 regia·
389 424 558 482 e‘rat.'
615 422 708 481 Ibi
733 422 1088 503 aliquamdiu
1115 424 1173 482 in
1198 426 1364 503 regia
1402 424 1651 484 nutritus
1678 436 1788 498 est,
1814 426 1877 485 'et
1916 426 2079 487 bene
2096 444 2227 485 eum
2252 426 2356 485 ha·-

174 513 305 571 buit
333 513 574 573 Amasis
589 539 607 573 z
647 516 726 574 ad
754 526 1074 575 extremum
1113 522 1270 588 vero,
1301 536 1479 595 quum
1506 514 1927 597 exprobrarent
1954 518 2211 598 AEgyptii
2236 538 2352 577 non

176 614 352 663 recte
387 624 520 665 eum
569 606 764 667 facere
802 607 959 686 quod
1001 608 1120 667 alat
1147 608 1328 669 virum
1363 613 1429 669 ει·
1463 608 1600 688 ipsis
1640 620 1703 669 et
1734 610 1839 669 sibi
1878 609 2348 681 inimicissimum,

173 696 424 756 tradidit
453 698 674 776 Aprien
701 696 984 779 AEgyptiis
1009 722 1026 771 ς
1067 700 1166 779 qui
1195 721 1327 762 eum
1352 702 1800 779 strangularunt,
1824 720 1895 763 ac
1927 703 2137 775 deinde
2162 702 2221 760 in
2250 721 2351 781 pa-

171 786 292 845 trio
317 789 588 866 sepulcro
615 790 1020 871 sepeliverunt.
1042 795 1046 800 ”
1065 790 1404 870 Sepulcrum
1430 792 1574 853 illud
1593 793 1658 852 'in
1684 793 1971 853 Minervas
1996 793 2213 872 te'mplo
2240 804 2349 865 est,

171 880 447 956 proxime
467 881 660 941 sedem
684 886 927 955 sacram,
956 883 1302 945 intrantibus
1329 904 1366 943 a
1383 885 1533 943 laeva
1557 904 1753 944 manu.
1834 884 2008 944 Saitae
2030 884 2181 943 enim
2210 904 2351 945 cun·-

167 980 302 1030 ctos
319 990 402 1031 ex
421 973 547 1033 'hoc
559 993 734 1034 nomo
759 976 1034 1037 oriundos
1053 994 1222 1056 reges
1239 976 1392 1036 intra
1409 976 1693 1055 templum
1710 976 1822 1037 hoc
1840 976 2155 1055 sepeliunt..
2190 976 2345 1055 Nam

172 1064 486 1124 Amasidis'
507 1066 679 1125 etiam
703 1078 1132 1128 monumentum
1157 1069 1450 1149 aliquanto
1482 1068 1719 1147 quidem
1744 1068 1974 1147 longius
1998 1068 2073 1127 ab
2100 1066 2227 1127 sede
2254 1072 2346 1126 ἐω-

171 1174 279 1215 cra
301 1157 475 1216 abest
494 1153 499 1160 ’
519 1178 691 1237 quam
719 1158 920 1238 Apriae
956 1170 1017 1219 et
1055 1166 1176 1237 ejus
1215 1160 1683 1240 progenitorum3
1722 1172 1783 1221 at
1819 1172 1909 1221 est
1936 1172 2133 1221 tamen
2172 1161 2346 1221 etiam

169 1247 288 1307 hoc
311 1248 376 1307 in
403 1249 539 1309 aula
559 1251 782 1329 templi,
810 1251 1096 1331 thalamus
1121 1251 1380 1331 lapideus
1407 1252 1637 1331 ingens,
1666 1252 1947 1313 columnis
1970 1262 2195 1313 ornatus
2221 1252 2345 1331 pals

167 1359 298 1399 mas
325 1343 569 1402 arbores
593 1343 944 1405 imitantibus
970 1342 1195 1423 alioque
1217 1354 1431 1405 sumtu.
1510 1344 1677 1405 Intra
1698 1346 2045 1426 thalamum„
2060 1343 2343 1424 reposito·—

165 1436 318 1491 rium
341 1445 434 1493 est
448 1432 606 1493 binis
633 1434 853 1495 foribus
877 1436 1153 1508 clausum,
1177 1436 1334 1516 atqui
1359 1436 1500 1496 inibi
1520 1448 1609 1497 est
1636 1438 1788 1516 regis
1814 1434 2163 1517 sepulcrum.

249 1527 394 1589 170.
434 1526 516 1585 Et
538 1544 675 1585 vero
703 1524 874 1587 etiam
908 1527 1240 1607 sepulcrum
1282 1531 1436 1607 eJus,
1458 1527 1857 1608 cujus‘nomen
1895 1531 1997 1590 tali
2032 1528 2339 1590 occasione

167 1615 350 1675 edere
377 1617 522 1675 mihi
557 1618 742 1690 nefas,
778 1618 840 1677 in
867 1619 1074 1679 eodem
1113 1620 1398 1679 Minervae
1432 1620 1651 1699 templo
1692 1620 1945 1695 Saitano‚
1972 1631 2107 1701 post
2150 1620 2343 1679 ae‘dem

164 1726 414 1783 sacram,
443 1710 552 1769 toti
577 1709 798 1789 postico
835 1710 1036 1789 parieti
1061 1711 1204 1771 aedis
1241 1712 1523 1771 Minervae
1554 1712 1924 1791 contiguum:
1990 1712 2072 1771 Et
2099 1712 2157 1769 in
2182 1712 2338 1771 'area

167 1801 370 1881 templi
397 1811 556 1861 stant
585 1802 820 1862 'obelisci
845 1802 1114 1881 ing'entes
1141 1802 1393 1882 lapidei:
1429 1806 1708 1881 juxtaque
1735 1820 1837 1862 eos
1862 1804 2025 1863 lacus
2052 1813 2163 1872 est,
2191 1802 2333 1881 lapi·

165 1891 282 1951 dea
307 1892 609 1971 crepidine
645 1903 878 1953 ornatus
901 1892 964 1952 et
989 1892 1363 1953 circumcirca
1404 1894 1601 1972 pulcre
1630 1893 1975 1965 elaboratus,
2012 1893 2219 1953 eadem
2244 1896 2335 1966 (ut

167 1984 304 2041 mihi
343 1984 596 2061 videtur)
623 1982 1018 2083 magnitudine
1055 2004 1174 2065 qua
1192 1996 1280 2046 est
1317 1986 1481 2045 lacus
1506 1984 1666 2057 Deli,
1710 1986 1806 2064 qui
1834 1985 2191 2105 orbiculatus
2224 2004 2331 2044 no-

166 2076 448 2137 minatur.·

249 2172 390 2233 171.
433 2170 508 2228 In
531 2168 646 2229 hoc
675 2170 806 2229 lacu
834 2169 1116 2231 exhibent
1133 2182 1317 2231 noctu
1345 2170 1599 2249 speciem
1624 2170 2047 2249 imaginemque
2073 2188 2331 2241 casuum,

166 2265 262 2341 qui
285 2262 371 2325 illi
399 2262 584 2341 [deo]
613 2263 968 2333 acciderunt,
997 2264 1406 2341 quse-hysteria
1432 2262 1645 2323 vocant
1682 2263 1983 2343 AEgyptii‘:
2027 2262 2102 2321 de
2122 2263 2331 2340 quibus

165 2355 458 2435 equidem,
490 2366 832 2433 quamquam
851 2355 996 2419 satis
1035 2355 1261 2435 singula
1285 2354 1402 2434 qu'o
1430 2352 1619 2434 ‘pacto
1658 2374 1721 2415 se
1747 2356 2003 2416 habeant
2022 2354 2227 2427 norim,
2254 2356 2329 2415 si?-
2361 2356 2364 2359 ’

162 2447 408 2505 lentium
435 2446 611 2525 agere
645 2446 854 2508 debeo.-
931 2446 1240 2527 Etiamque
1280 2448 1356 2508 de
1401 2448 1615 2507 Cereris
1654 2449 1845 2518 sacris,
1887 2467 2017 2527 quoe
2046 2440 2327 2509 Thesmo-

166 2539 376 2617 phoria
413 2538 609 2599 Graeci
657 2549 884 2611 vocant,
917 2538 1210 2599 silentium
1247 2539 1384 2599 mihi
1432 2540 1757 2619 agendum:
1798 2540 1905 2599 nisi
1932 2550 2214 2617 quatenus
2252 2540 2329 2601 de

165 2630 253 2690 hi's
272 2632 456 2691 verba
478 2630 674 2691 facere
701 2630 790 2691 fas
819 2642 928 2691 est.
1009 2631 1205 2700 Danai
1229 2630 1360 2689 filiae
1385 2650 1555 2691 sacra
1572 2631 1699 2691 hoec
1724 2650 1801 2690 ex
1824 2629 2081 2709 AEgypto
2108 2630 2329 2691 adtule-

163 2728 312 2793 ran't,
337 2732 404 2782 et
421 2722 764 2801 'Pelasgicas
790 2722 1056 2783 mulieres
1083 2743 1156 2782 ea
1176 2724 1517 2783 docuerant.
1598 2722 1848 2793 Deinde,
1875 2732 2175 2801 postquam
2200 2735 2327 2785 tota

165 2814 610 2894 Peloponnesus,
629 2834 668 2874 a
693 2814 946 2874 Doribus
967 2834 1170 2875 eversa
1195 2824 1286 2875 est
1312 2826 1373 2874 et
1399 2813 1633 2874 sedibus
1660 2813 1779 2873 suis
1800 2812 2327 2891 excita,'perierunt

161 2908 290 2969 haec
307 2924 480 2967 sacra
501 2926 522 2975 ς
559 2906 782 2985 solique
810 2907 1098 2982 ArcadeS‚
1125 2906 1225 2985 qui
1243 2906 1318 2965 in·
1333 2906 1740 2984 Peloponneso
1757 2914 2109 2976 manserunt,
2136 2924 2329 2985 neque

161 2999 298 3059 inde
317 2998 570 3078 migrare
597 2998 786 3059 coacti
813 3009 968 3068 sunt,
991 2998 1091 3057 illa
1109 3002 1541 3061 conservarunt,

243 3095 318 3154 17
322 3094 384 3151 2.
427 3090 602 3169 Apris
629 3089 714 3149 ita
753 3090 1000 3161 sublato,
1033 3090 1248 3148 Amasis
1269 3088 1332 3147 in
1371 3088 1627 3168 AEgypto
1655 3086 1939 3166 regnavit,
1966 3106 2045 3147 ex
2086 3087 2323 3151 Saitana

159 3182 512 3263 praefectura
549 3181 840 3253 oriundus,
877 3192 940 3242 et
965 3180 1198 3260 quidem
1243 3200 1317 3240 ex
1353 3180 1562 3262 oppido
1600 3179 1691 3239 cui
1718 3198 1929 3239 nomen
1958 3179 2159 3259 Siuph.
2241 3181 2323 3243 Et

157 3275 344 3355 primo
388 3273 636 3351 quidem
653 3278 998 3352 spreverunt
1038 3272 1306 3352 AEgyptii
1355 3271 1615 3344 Amasin,
1650 3290 1763 3331 nec
1810 3271 1930 3331 ull'o
1970 3292 2323 3379 magnopere

157 3367 290 3427 loco
326 3365 604 3435 habuere,
634 3376 698 3423 ut
727 3364 824 3445 qui
859 3364 934 3425 d'e
968 3364 1140 3443 plebe
1167 3364 1304 3425 olim
1342 3364 1569 3435 fuisset,
1594 3374 1657 3423 et
1683 3382 1755 3421 ex
1782 3363 1957 3423 domo
1992 3364 2225 3426 minime
2250 3366 2320 3425 il-

157 3458 340 3519 lustri.
424 3456 674 3517 Deinde
689 3476 830 3517 vero
875 3456 1088 3517 callido
1133 3456 1380 3562 quodam
1425 3455 1679 3527 invento,
1721 3475 1835 3515 non
1876 3457 2201 3535 asperitate,
2242 3459 2321 3519 ad

159 3552 410 3611 officium
437 3570 540 3612 eos
563 3548 813 3629 redegit..
891 3550 1084 3609 Erant
1113 3548 1167 3609 ei
1193 3552 1370 3627 quum
1408 3548 1537 3608 aliae
1578 3568 1671 3608 res
1693 3548 1963 3628 pretiosae
1997 3551 2318 3629 permultae,

156 3655 279 3704 tum
305 3642 622 3723 peliuvium
661 3660 918 3713 aureum,
957 3640 1020 3701 in
1045 3661 1160 3721 quo
1201 3652 1262 3701 et
1303 3640 1535 3701 Amasis
1571 3640 1695 3721 ipse
1731 3652 1795 3701 et
1820 3642 2075 3702 convivoe
2116 3661 2316 3703 omnes

153 3736 344 3796 lavare
373 3734 556 3813 pedes
581 3748 1026 3801 consueverant·
1063 3734 1178 3793 hoc
1200 3720 1519 3813 pelluvium
1538 3733 1843 3813 confringi,
1873 3754 1949 3793 ex
1974 3754 2160 3813 eoque
2180 3743 2315 3795 con*

152 3829 252 3889 fici
271 3826 380 3887 dei
389 3825 752 3887 simulacrum
771 3826 960 3901 jussit,
989 3826 1191 3904 quod
1173 3846 1235 3883 ιιι
1259 3826 1388 3885 loco
1418 3826 1573 3885 urbis
1600 3826 2077 3906 opportunissimo
2112 3827 2316 3891 erexit.

143 3918 234 3982 Et
263 3918 528 3997 AEgyptii
542 3917 878 3997 frequentes
895 3917 974 3979 ad
989 3917 1352 3977 simulacrum
1371 3917 1810 3988 conveniebant,
1834 3916 2089 3995 illudque
2108 3938 2318 3999 magna

149 4010 432 4089 religione
459 4009 750 4071 colebant.
831 4009 904 4068 Id
931 4008 1028 4069 ubi
1053 4028 1092 4068 a
1117 4008 1331 4069 civibus
1363 4008 1487 4095 fleri
1512 4009 1796 4069 intellexit
1826 4009 2077 4081 Amasis,
2103 4029 2313 4071 convo-

149 4101 300 4162 catis
351 4096 680 4181 AEgyptiis,
705 4101 864 4179 quod
905 4118 998 4161 res
1039 4112 1183 4173 erat,
1234 4100 1581 4171 declaravit,
1621 4100 1837 4171 dicens,
1882 4100 2153 4161 “factum
2183 4120 2313 4161 esse

139 4192 514 4253 simulacrum
554 4192 695 4253 illud
729 4212 806 4251 ex
839 4191 1110 4271 pelluvio,
1135 4192 1196 4251 in
1230 4192 1386 4273 quod
1407 4192 1605 4274 paullo
1642 4203 1777 4253 ante
1818 4203 1880 4253 et
1916 4193 2305 4253 evomuissent

145 4284 406 4365 AEgyptii
431 4296 496 4347 et
523 4284 971 4356 imminxissent,
993 4296 1054 4343 et
1079 4284 1260 4364 pedes
1299 4287 1360 4345 in
1388 4306 1461 4346 eo
1488 4285 1821 4357 abluissent,
1847 4284 1949 4364 qui
1974 4303 2127 4343 nunc
2166 4284 2312 4345 illud

138 4394 352 4454 magna
377 4376 656 4459 religione
679 4375 896 4439 colant.
977 4376 1154 4436 Jam
1137 4377 1313 4455 igitur
1339 4377 1447 4456 (sic
1474 4376 1627 4453 loqui
1658 4375 1967 4455 pergebat)
2000 4390 2165 4435 suam
2186 4395 2309 4437 sor-

1259 4484 1290 4525 ε
