2817 4792
468 307 583 372 206
933 295 941 300 ’
1055 309 1506 414 ΗΕιιοιιοιι
1549 311 1886 371 msToR.
1929 311 2036 370 ιν.

468 457 686 516 nasque
727 443 1040 498 antrorsum
1086 450 1279 499 tensas
1308 439 1451 518 palo
1493 439 1770 518 adligant.
1869 440 2172 500 Postremo
2197 427 2599 519 quinquaginta·

468 529 945 607 strangulatorum
978 534 1253 606 juvenum
1298 550 1585 610 quemque
1621 532 2152 610 equo-imponunt}
2190 530 2363 609 idque
2401 531 2592 590 faciunt

468 622 625 698 lig-no
664 630 823 679 recto
865 625 967 699 per
993 640 1203 700 corpus
1244 623 1562 682 secundum
1601 623 1820 701 spinam
1847 623 2002 682 dorsi
2031 641 2213 700 usque
2242 623 2319 682 ad
2345 624 2592 702 cervicem
2630 665 2634 670 -

468 711 759 781 transfixo,
790 715 951 790 cujus
978 713 1116 794 ligni
1144 733 1277 792 pars
1318 714 1554 790 inferior
1579 715 1838 774 eminens
1861 713 2128 774 inseritur
2154 715 2434 786 foramini,
2458 716 2590 793 quod
2619 707 2628 720 “

468 803 637 862 estin
667 804 849 862 altero
888 803 1047 882 ligno
1072 811 1176 884 pei·
1214 805 1347 883 equi
1376 811 1588 884 corpus
1622 811 1944 880 transjecto.
2025 806 2373 880 Hujusmodi
2395 807 2594 885 equites

466 907 764 976 postquam
788 897 938 956 circa
958 909 1390 957 monumentum
1417 898 1476 956 in
1503 900 1704 957 orbem
1730 899 2164 969 constituerunt,
2192 899 2512 958 discedunt.

488 1007 499 1014 ·
528 990 643 1052 ⁴73.
686 987 815 1046 Tali
853 987 1027 1065 igitur
1052 989 1271 1048 ratione
1316 997 1485 1066 reges
1525 989 1829 1067 sepeliunt.
1913 989 2080 1048 Alios
2113 1000 2304 1048 autem
2351 989 2593 1068 Scythas,

466 1080 1055 1159 quum'dec'esserun't,
1082 1080 1520 1139 circumvehunt
1560 1081 1902 1158 cognatione
1931 1080 2194 1158 proximi,
2232 1080 2492 1158 plaustris
2512 1081 2598 1150 im-

467 1175 699 1254 positos,
744 1173 820 1231 ad
848 1171 1080 1230 amicos.
1164 1171 1244 1229 Et
1286 1171 1490 1230 horum
1535 1173 1774 1250 quisque
1799 1172 1956 1230 lauto
2005 1171 2417 1250 epulovexcipit
2441 1170 2598 1229 'comi-

468 1276 676 1337 tantes,
715 1273 1050 1342 mortuoque
1088 1262 1289 1323 eadem
1325 1263 1563 1343 adponit
1589 1283 1720 1342 quae
1767 1264 2008 1323 caeteris.
2093 1265 2208 1324 Per
2250 1263 2599 1342 quadraginta

468 1359 597 1418 dies'
609 1358 691 1417 ita
721 1355 1219 1416 circumvehuntur
1246 1355 1468 1434 privati,
1493 1355 1704 1414 deinde
1723 1356 2096 1435 sepeliuntur.
2139 1355 2452 1433 Postquam
2463 1347 2597 1412 -mor-

468 1435 631 1508 tuum
659 1448 1041 1526 'sepeliverunt
1082 1446 1335 1526 Scythae,
1364 1447 1479 1506 hoc
1508 1446 1680 1505 modo
1707 1449 2033 1507 lustrantur.
2115 1447 2426 1525 Postquam
2449 1455 2600 1522 caput

466 1550 785 1622 smegmate
824 1547 1123 1608 terserunt,
1168 1549 1229 1597 et
1257 1539 1517 1616 gnaviter
1561 1538 1844 1609 lavarunt,
1887 1538 2126 1626 corpori·
2151 1538 2373 1598 faciunt
2404 1539 2601 1596 hocce:

469 1632 577 1692 tria
600 1631 757 1709 ligna
782 1641 1058 1701 statuunt,
1086 1648 1287 1689 versus
1312 1649 1377 1688 se
1414 1630 1660 1689 invicem
1688 1621 1996 1698 inclinata3
2037 1629 2253 1698 circum
2281 1629 2406 1687 haec
2431 1629 2604 1686 laneos

467 1723 649 1804 pileos
677 1721 1079 1802 prjaetenduntg
1120 1727 1262 1800 quos
1296 1721 1393 1778 u-bi
1422 1741 1591 1797 quam
1619 1721 1900 1781 artissime
1941 1722 2092 1779 inter
2123 1739 2187 1779 se
2203 1724 2527 1795 junxerunt,
2551 1719 2600 1776 in

466 1815 823 1894 suppositum
852 1813 912 1872 in
927 1813 1121 1871 medio
1148 1812 1437 1888 lignorum
1458 1811 1858 1889 pileorumque
1885 1811 2169 1870 alveolum
2196 1812 2418 1889 lapides
2443 1811 2602 1886 conji-

464 1907 623 1966 ciunt
646 1907 780 1989 igne
806 1905 1133 1964 candentes.
1216 1929 1223 1936 ·
1597 1873 1636 1922 0
2503 1927 2508 1934 ·

542 2003 645 2064 74.
690 1999 980 2058 Nascitur
984 1991 1175 2058 autem
1203 1997 1262 2055 in
1287 1997 1399 2054 hac
1445 2005 1602 2055 terra
1625 1999 1898 2079 cannabis,
1927 1997 2046 2055 lino
2071 1991 2374 2068 simillima,
2397 1999 2442 2056 si
2469 2015 2606 2058 cras-

468 2093 654 2151 sitiem
684 2099 743 2150 et
770 2079 1222 2168 magnitudinem
1252 2088 1524 2166 excipias,
1556 2089 1763 2169 quibus
1789 2089 2008 2170 quippe
2029 2089 2304 2149 cannabis
2332 2090 2502 2168 longe
2523 2109 2606 2148 su-

446 2185 633 2264 'perat
658 2181 861 2239 linum.
944 2181 1023 2238 Et
1048 2191 1253 2259 sponte
1280 2181 1408 2264 haec
1431 2181 1700 2251 nascitur,
1741 2191 1802 2240 et
1839 2190 2004 2239 sata:
2051 2200 2342 2258 ext-eaque
2370 2176 2616 2240 Thraces

468 2274 809 2335 vestimenta
850 2272 1018 2332 etiam
1066 2272 1395 2342 conficiunt,
1426 2272 1586 2332 lineis
1610 2273 1929 2342 simillima;
1971 2293 2120 2351 quse,
2147 2273 2254 2331 nisi
2281 2273 2408 2351 quis
2433 2273 2612 2332 admo-

468 2368 605 2428 dum
632 2367 706 2448 sit
740 2386 847 2424 usu
872 2365 1111 2445 peritus,
1137 2384 1251 2422 non
1280 2365 1577 2442 dignoscat
1623 2385 1700 2424 ex
1730 2365 1944 2424 lino-ne
1972 2366 2104 2436 sint,
2147 2385 2221 2424 an
2248 2385 2322 2424 ex
2353 2365 2614 2433 cannabi;

468 2459 569 2539 qui
588 2457 1027 2536 ‘vero'cannabin
1048 2475 1350 2535 numquam
1382 2457 1544 2528 vidit,
1566 2458 1780 2516 lineum
1809 2476 1934 2517 esse
1962 2458 2356 2516 vestimentum
2382 2459 2613 2536 putabit.

545 2554 646 2616 75.
670 2550 866 2626 Hujus
886 2549 1060 2627 igitur
1081 2549 1333 2607 cannabis
1351 2561 1528 2606 semen·
1551 2559 1778 2607 sumunt
1797 2549 2053 2628 Scythae,
2083 2560 2166 2624 et,
2189 2563 2490 2628 postquam
2516 2551 2614 2608 sub

468 2643 649 2724 pileos
700 2641 1009 2718 subierunt,
1052 2637 1249 2699 sem'en
1283 2640 1397 2702 hoc
1437 2641 1716 2719 lapidibus
1767 2641 1910 2719 igne
1927 2641 2304 2700 candentibus
2339 2641 2616 2716 injiciunt.

470 2736 626 2816 quod
666 2735 804 2793 dum
848 2731 931 2792 ita
956 2732 1240 2802 adoletur,
1279 2751 1554 2810 vaporem
1603 2724 1872 2791 diffundit
1910 2743 2152 2810 tantum,
2181 2741 2248 2790 ut
2281 2731 2616 2794 Groecanica

468 2829 625 2890 nulla
651 2824 774 2887 ιἰὲεα
800 2827 1077 2885 desudatio
1104 2840 1234 2883 eum
1262 2836 1536 2904 superet·
1575 2837 1636 2884 et
1649 2826 1915 2905 Scythae,
1942 2811 2214 2886 delectati
2237 2827 2350 2886 hac
2376 2827 2616 2886 desuda·

469 2923 645 2993 tione,
684 2919 961 2979 ululatum
997 2918 1250 2979 tollunt:
1304 2928 1506 2995 estque
1550 2918 1660 2976 hoc
1702 2917 1813 2976 illis
1859 2919 2088 2977 balnei
2081 2919 2276 2989 loco,
2281 2937 2428 2976 nam
2475 2931 2618 2996 aqua

470 3015 699 3084 omnino
718 3033 835 3072 non
860 3011 1079 3070 lavant
1072 3029 1308 3088 corpus.
1340 3009 2109 3068 *Mulieresveroveorum
2091 3029 2150 3067 ιιι
2177 3028 2383 3088 aspero
2410 3009 2615 3088 lapide,

470 3103 675 3166 adfusa
712 3120 891 3182 aqua,
930 3103 1239 3162 'conterunt
1256 3132 1261 3137 ·
1278 3100 1644 3177 ligur-frusta
1687 3101 1957 3178 cypressi,
1999 3101 2173 3171 cedri,
2201 3089 2305 3160 et·
2331 3100 2614 3160 thurifcrae

470 3195 722 3257 arboris:
750 3263 755 3278 1
782 3193 1015 3254 deinde·
1034 3194 1144 3253 isto
1194 3192 1424 3262 detrito,
1478 3191 1630 3270 quod
1679 3211 1933 3250 crassum
1971 3203 2078 3263 est,
2128 3192 2389 3251 oblinunt
2435 3202 2614 3251 totum

425 3322 430 3330 -
469 3307 679 3366 corpus
719 3296 890 3362 atque
915 3283 1142 3366 faciem.
1225 3283 1296 3340 Id
1325 3284 1428 3340 eis·
1449 3283 1616 3341 simul
1641 3298 1888 3341 suavem·
1915 3283 2189 3342 conciliat
2229 3284 2467 3344 odorem
2494 3309 2510 3354 ;
2547 3284 2615 3341 si-

470 3377 741 3456 mulque,
763 3387 1065 3454 postquam
1111 3372 1382 3452 postridie
1429 3374 1790 3433 abstulerunt
1834 3373 1948 3432 hoc
1987 3375 2352 3453 cataplasma,
2395 3373 2616 3436 mundae

467 3481 599 3530 sunt
626 3479 685 3528 et
720 3467 936 3548 nitidae.

547 3564 644 3624 76.
687 3555 1129 3636 Peregrinorum
1152 3559 1534 3618 institutorum
1558 3579 1721 3618 usum
1759 3560 1931 3618 etiam
1961 3559 2022 3617 hi
2061 3559 2435 3618 vehementer
2459 3577 2614 3618 aver-

469 3663 682 3731 santur,
700 3669 773 3708 ne
793 3650 938 3708 inter
954 3669 1015 3707 se
1034 3649 1186 3727 ipsos
1204 3651 1435 3727 quidem
1457 3651 1600 3728 alter
1616 3650 1924 3730 Scythicus
1939 3651 2186 3729 populus
2204 3651 2434 3710 alterius
2449 3649 2612 3730 sequi

466 3739 727 3803 instituta
746 3741 1005 3812 sustinet,
1034 3742 1140 3800 se'd
1162 3742 1406 3801 maxime
1419 3759 1465 3801 a
1483 3723 1826 3802 Graecorum
1852 3742 2072 3801 ritibus
2080 3741 2424 3812 abhorrent3
2464 3743 2614 3821 quod

468 3837 527 3894 in
535 3817 976 3934 Anacharside,
994 3843 1053 3891 et
1069 3831 1291 3904 deinde
1308 3833 1511 3892 iterum
1537 3833 1604 3892 in
1630 3833 1822 3912 Scyla‚
1849 3833 2238 3894 ostender-unt.
2281 3833 2614 3913 Anacharsis

423 3931 429 3935 “
470 3927 654 3998 e'nim',
682 3931 884 4005 'postqu
892 3945 984 3985 am
1020 3925 1224 3984 mu'ltas
1264 3937 1624 4003 spectaverat
1653 3936 1894 3996 terrass
1906 3935 1964 3984 et
2011 3924 2190 3984 multa
2228 3924 2304 3983 ibi
2327 3924 2613 4003 sapientise

468 4013 737 4103 ediderat
746 4016 1077 4095 specimina,
1085 4017 1454 4094 Scytharum
1473 4018 1550 4076 ad
1573 4016 1758 4076 sedes
1753 4030 2120 4085 reversurus,
2137 4031 2264 4094 per
2269 4016 2614 4096 Hellespon-

468 4122 592 4169 tum
636 4108 934 4186 naviganS,
965 4109 1061 4166 ad
1054 4105 1367 4186 Cyzicum
1375 4108 1638 4186 adpulit.
1670 4108 1784 4167 Ibi
1802 4123 1999 4187 ,quum
2013 4108 2332 4187 Cyzicenos
2359 4107 2614 4179 offendis·-

470 4213 559 4260 set
586 4200 772 4265 Matr'i
792 4201 1027 4259 deorum
1052 4198 1264 4258 festum
1284 4197 1654 4258 :celebrantes
1680 4217 1818 4258 sane
1837 4219 2024 4278 quam
2035 4199 2419 4278 magnificum,
2443 4197 2612 4256 Matri

468 4307 663 4354 votum
678 4293 850 4353 fe'cit
844 4291 1223 4362 Anacharsis,
1252 4291 1302 4349 si
1329 4293 1508 4348 salvus
1531 4311 1803 4374 sospesque
1831 4293 2056 4357 domum
2061 4293 2326 4360 rediisset,
2359 4285 2420 4348 ,ιε’
2441 4291 2611 4354 cadem

466 4389 632 4460 modu,
662 4407 763 4462 quo
798 4407 833 4444 a
862 4384 1133 4462 Cyzicenis
1152 4385 1289 4458 fieri
1315 4385 1557 4461 vidisset,
1587 4403 1744 4443 sacra
1779 4403 1828 4442 ez
1820 4383 2144 4462 facturum,
2165 4383 2611 4460 pervigiliumque
