2817 4792
27 4330 37 4481 l

1149 275 1388 442 erro-.-
1828 285 1912 408 ſs·
2179 281 2343 356 -ἵιι

1556 422 1737 442 ,,,,,

173 527 426 587 ’‘Persae
450 533 637 594 eratin
662 525 738 584 ad
768 512 1022 582 Araxem
1065 501 1356 598 'regressus
1406 523 1534 590 est,
1556 517 1811 579 adcurrit
1858 533 2042 580 castra
2064 515 2352 604 invadens

181 609 377 678 tei-tid
401 627 537 698 pars
562 617 849 677 exereitus
877 607 1362 691 Massagetarum.
1414 609 1539 670 Hi
1552 607 1672 682 eos,
1712 609 1805 689 qui
1834 613 1917 672 de?
1938 588 2075 692 Cyri
2102 609 2357 672 exereit'u

179 711 391 770 relicti
421 722 604 780 erant,
643 717 1027 786 repugnantes
1049 701 1362 773 occidunt;
1399 714 1550 782 tum,
1574 700 1833 782 paratum
1866 699 2187 783 conspicati
2216 711 2356 783 epu-

186 795 346 873 Ἱιιιιι·,
376 801 662 895 superatis
689 794 1040 869 adversariis,
1081 799 1155 856 ad
1195 795 1561 876 epulandum
1570 793 1958 866 fliseumbu'nt}
2004 794 2271 900 denique
2275 795 2357 855 ci·

187 888 286 953 ‘bo
317 887 584 986 potuque
603 890 844 971 repleti,
869 895 1074 980 sopore
1114 889 1529 968 opprimuntur.
1610 887 1773 948 Intes-
1810 889 1939 948 haec
1964 886 2363 984 supervenien-

195 997 310 1045 tes
325 987 531 1046 ‘Persae
555 989 826 1064 magnum
853 1001 1051 1042 eorum
1079 1000 1378 1040 numerum
1410 977 1775 1051 interficiunt,
1802 978 1983 1039 multo
2010 977 2146 1039 ve'ro
2170 975 2363 1058 plures

195 1071 370 1138 ‘vivos
424 1079 680 1157 capiunt,
731 1073 903 1156 quum
933 1075 1090 1148 alios,
1144 1085 1266 1132 tum
1317 1072 1535 1151 reginae
1564 1071 1871 1182 Tomyrios
1908 1067 2131 1172 filium',
2134 1069 2362 1148 ducem

197 1170 700 1273 Massagetarum,
728 1170 820 1228 cui
847 1187 1058 1229 nomen
1078 1177 1197 1227 erat
1229 1161 1680 1248 SpargapiseS.¹

279 1269 434 1324 212.
452 1255 635 1322 Tum
664 1263 778 1334 illa,
808 1260 1047 1339 cognitis
1075 1280 1204 1340 quae
1235 1266 1296 1318 et
1321 1254 1603 1319 exercitui
1640 1270 1698 1319 et
1732 1255 1848 1319 filio
1878 1280 1983 1320 suo
2016 1239 2365 1334 acciderant,

201 1345 411 1416 'misso
419 1357 520 1414 a'd
561 1357 777 1434 Cyrum
818 1353 1034 1430 legate,
1077 1347 1203 1428 haec
1242 1352 1298 1410 ei
1339 1349 1551 1420 edixit:
1590 1358 1640 1386 ‘⁸‘
1666 1348 2037 1432 Inexplebilis
2091 1349 2365 1448 sanguine

205 1440 437 1527 Ὁγιθὶ
431 1463 522 1506 ne
562 1447 776 1524 utique
799 1443 1046 1504 efferaris
1081 1463 1141 1502 re
1183 1452 1366 1522 gesta,
1407 1443 1563 1550 'quod
1590 1443 1743 1503 viteo
1780 1446 1994 1516 fructu,
2024 1465 2135 1523 quo
2164 1445 2371 1522 repleti

207 1537 723 1612 *vosita‘insanitis‚
757 1533 862 1607 ιιι,
887 1547 1192 1614 postquam
1217 1535 1409 1594 vinum
1432 1535 1489 1592 in
1520 1535 1727 1614 corpus
1754 1529 2079 1608 descendit,
2114 1531 2371 1614 scelestis

205 1631 459 1691 vocibus
483 1626 802 1699 exundetiS,
831 1629 942 1687 tali‘
951 1634 1171 1686 veneno
1199 1627 1502 1706 deceptum
1512 1627 1699 1686 filium
1729 1641 1917 1686 meum
1943 1629 2239 1706 superasti,
2254 1620 2372 1686 non

211 1723 374 1800 justo·
399 1721 611 1802 'praelio‘
629 1733 690 1780 et
715 1717 925 1796 bellica
947 1721 1160 1777 virtute
1195 1718 1399 1777 vicisti.
1484 1717 1656 1777 Nunc
1693 1739 1830 1796 ergo
1860 1711 2175 1792 eonsilium,
2194 1737 2197 1742 ·
2218 1721 2374 1798 quod

215 1817 328 1875 ‘tibi
351 1817 508 1874 bono
523 1813 988 1892 animolproferm
1017 1810 1231 1888 accipe.
1313 1807 1685 1873 Redde,mihi
1723 1810 1921 1882 filium,
1946 1827 2005 1869 et
2030 1811 2122 1870 abi
2148 1827 2222 1870 ex
2258 1807 2372 1870 hac

219 1894 422 1980 ‘tei-ra}
439 1906 678 1985 impune
719 1898 909 1964 ferens
936 1903 1092 1982 quod
1119 1902 1345 1961 tertiam
1367 1902 1652 1981 exereitus
1674 1901 2131 1982 Massagetarum
2144 1899 2374 1981 'partem

221 2001 334 2059 hae
375 1997 750 2058 contumelia
763 1992 1047 2056 adfecisti.
1127 1995 1330 2061 Quod
1343 1994 1391 2052 si
1428 1994 1559 2055 haee
1592 1995 1708 2052 non
1748 1994 1974 2066 feceriS,
2008 1995 2243 2055 Solem
2220 2013 2372 2074 Juro,

225 2092 546 2152 'dominum'
565 2078 1074 2203 Massagetarum?
1079 2097 1238 2147 certe
1269 2105 1361 2146 me
1371 2096 1494 2206 te,
1512 2086 1785 2165 quamvis
1786 2083 2219 2178 inexplebilem,
2247 2105 2377 2147 san-

227 2183 402 2265 'guine
417 2180 816 2241 satiatur-am?
905 2192 912 2196 ·
2044 2197 2052 2204 ·
2262 2199 2274 2204 ·

227 2279 244 2296 “·
303 2279 446 2336 213.
487 2273 716 2332 H'orum
754 2275 1057 2333 verborum
1103 2274 1178 2333 ad
1221 2291 1284 2332 se
1333 2257 1641 2332 relatorum
1682 2271 1892 2333 nullam
1949 2275 2134 2354 Cyrus
2180 2275 2381 2335 habuit

227 2363 526 2427 rationem.
607 2363 882 2444 Re‘ginae
893 2377 1100 2425 autem
1123 2356 1429 2445 Tomyrios
1460 2365 1609 2433 filius
1648 2366 2039 2460 SpargapiseS,
2076 2378 2380 2447 postquam

225 2459 464 2520 remissa
487 2457 562 2517 vi
583 2459 698 2516 vini
727 2457 928 2517 didicit
967 2465 1213 2564 quonam
1235 2459 1297 2516 in
1325 2457 1476 2517 malo
1516 2469 1685 2528 esset,
1715 2454 1895 2518 oravit
1922 2457 2137 2540 Cyrum
2173 2472 2237 2519 ut
2254 2459 2384 2520 *vin-

233 2551 406 2612 culis·
421 2551 758 2622 solveretur,
785 2550 958 2650 idque
987 2551 1042 2608 ei
1083 2570 1184 2609 rex
1207 2551 1458 2610 indulsit.
1538 2551 1617 2610 At
1645 2551 1988 2631 simulatque
2015 2553 2230 2613 solutus
2262 2557 2386 2613 erat

231 2654 292 2702 et
315 2661 589 2708 manuum
613 2661 840 2701 suarum
865 2653 1092 2722 potens,
1121 2661 1186 2702 se
1219 2642 1341 2722 ipse
1366 2638 1685 2702 interemit:
1726 2655 1786 2704 et
1810 2645 1923 2704 hoc
1948 2646 2079 2705 vitae
2108 2647 2263 2706 exitu
2288 2647 2386 2707 ille

231 2753 366 2794 usus
385 2745 500 2793 est.

307 2831 454 2888 214.
503 2825 626 2884 Sed
665 2825 951 2905 Tomyris,
980 2826 1088 2885 ubi
1122 2826 1178 2886 ei
1213 2844 1430 2886 morem
1466 2833 1581 2888 non
1622 2829 1801 2906 gessit
1840 2831 2046 2910 CyruS,
2080 2831 2387 2890 contractis

235 2918 502 2977 omnibus
525 2918 726 2997 copiis,
763 2919 962 2997 praelio
990 2937 1121 2978 cum
1149 2919 1247 2978 illo
1273 2921 1545 2980 conflixit.
1636 2923 1773 2981 Hoc
1808 2925 2080 3001 praelium,
2112 2934 2391 3003 quotquot

235 3027 274 3067 a
296 3010 560 3070 barbaris
591 3001 908 3070 hominibus
935 3011 1134 3090 praelia
1172 3012 1472 3071 commissa
1502 3024 1649 3083 sunt,
1679 3013 1943 3092 equidem
1982 3015 2249 3074 existimo
2278 3035 2399 3075 om·

238 3099 392 3160 nium
432 3101 626 3162 fuisse
649 3103 1021 3171 acerrimum:
1061 3121 1183 3160 rem
1224 3103 1376 3161 enim
1402 3103 1504 3161 tali
1538 3104 1714 3163 modo
1752 3115 1973 3182 gestam
2010 3126 2139 3166 esse
2175 3109 2411 3188 aecepi.k

239 3191 497 3252 Primum
535 3213 608 3252 ex
635 3194 824 3272 aliquo
863 3196 1049 3274 spatio
1079 3194 1381 3272 distantes,
1418 3195 1577 3252 tela
1562 3195 1803 3254 invicem
1846 3199 2200 3274 conjecisse,
2184 3224 2198 3238 ·
2240 3201 2421 3273 dein„

239 3274 518 3344 absumtis
539 3285 688 3356 telis,
730 3287 1100 3359 concurrisse,
1128 3298 1188 3347 et
1225 3283 1409 3348 hastis
1447 3286 1773 3350 conflixisse
1813 3288 2170 3373 gladiisque,
2227 3304 2398 3372 atque

241 3376 454 3437 diutius
499 3376 582 3436 ita
621 3377 900 3437 consertis
937 3381 1198 3439 manibus
1237 3399 1550 3458 pugnasse,
1603 3380 1817 3440 neutris
1857 3381 2057 3462 fugam
2097 3405 2399 3472 capessere

239 3469 585 3531 volentibus.
669 3469 770 3528 Ad
797 3480 1120 3530 extremum
1132 3491 1270 3531 vero
1286 3473 1608 3551 superiores
1631 3473 1981 3553 Massagetae
2001 3477 2399 3542 discesserunt.

239 3559 430 3640 Igitur
465 3555 716 3621 maxima
753 3581 888 3640 pars
915 3563 1134 3622 Persici
1170 3566 1460 3625 exercitus
1490 3565 1734 3625 eodem
1719 3587 1777 3624 ιιι
1803 3568 1934 3628 loco
1962 3582 2050 3629 est
2076 3570 2398 3643 interemta,
2419 3591 2433 3604 ’

239 3663 300 3711 et
333 3653 464 3731 ipse
493 3651 668 3730 Cyrus
691 3655 841 3723 obiit,
878 3665 1175 3734 postquam
1217 3676 1397 3716 annos
1440 3670 1739 3736 regnasset
1763 3661 2169 3739 undetriginta.
2250 3663 2401 3724 Tum

241 3743 532 3824 Tomyris,
558 3763 730 3805 sacco
757 3747 1034 3824 sanguine
1060 3748 1281 3828 repleto
1309 3749 1580 3820 humano,
1612 3750 1751 3830 Cyri
1778 3753 2022 3812 cadaver
2047 3753 2195 3812 inter
2223 3750 2403 3814 caeso-

242 3855 372 3896 rum
409 3837 716 3918 Persarum
755 3849 1000 3918 stragem
1027 3842 1198 3916 jussit
1235 3843 1519 3921 perquirit
1561 3845 1879 3921 repertique
1920 3855 2093 3923 caput
2132 3846 2192 3903 in
2231 3865 2404 3907 sacco

250 3930 578 4009 suspendit,
623 3930 791 4010 [sive‚
816 3930 875 3989 in
911 3951 1146 3991 saccum
1169 3933 1447 4014 demisit,]
1477 3946 1718 4016 mortuo,
1748 3935 1836 3993 his
1864 3936 2051 3996 verbis
2096 3937 2406 3998 insultansx

245 4028 284 4058 ‘⁸
312 4021 410 4080 Tu
439 4039 532 4080 me
559 4021 764 4092 vivam,
802 4023 994 4104 tuique
1034 4023 1344 4099 victricem,
1369 4021 1689 4105 perdidistiss
1720 4027 1811 4106 qui
1846 4026 2022 4088 filium
2053 4049 2239 4087 meum
2268 4029 2402 4091 dolo

241 4113 484 4194 cepistiz
527 4125 589 4174 te
617 4133 756 4174 vero
783 4135 913 4192 eg0,
941 4116 1110 4175 sicuti
1151 4115 1358 4177 minata
1383 4139 1530 4187 sum,
1567 4120 1847 4198 sanguine
1874 4121 2149 4179 satiab0.”
2211 4121 2404 4186 ‘Quod

239 4205 418 4284 igitur
443 4207 520 4266 ad
548 4208 858 4282 vitoefinem
888 4207 1018 4284 Cyri
1045 4205 1283 4286 spectat,
1311 4210 1489 4269 multa
1515 4211 1745 4288 quidem
1774 4209 1887 4270 alia
1915 4211 2249 4289 diversaque
2276 4231 2403 4270 nar-

244 4309 463 4369 rantur,
487 4299 594 4360 sed
615 4298 726 4358 ista
745 4299 885 4370 mihi
913 4301 1164 4360 maxime
1184 4301 1495 4366 verisimilis
1522 4302 1641 4360 visa
1669 4315 1791 4362 erat
1816 4304 2088 4362 narratio.

347 4396 487 4456 215.
533 4393 788 4460 Utuntur
834 4393 1187 4472 Massagetae
1230 4405 1288 4453 et
1329 4393 1667 4454 vestimento
1712 4407 1770 4458 et
1816 4395 1948 4452 uitae
1988 4393 2205 4457 ratione
2242 4395 2408 4460 simili
