2817 4792
1001 381 1004 388 -
1074 332 1542 399 POLYMNIA.
2262 323 2379 398 359

208 473 264 507 ‘¹¹
282 471 407 548 quo
433 465 669 528 tandem
696 443 871 548 pacto
895 475 1010 528 tam
1039 469 1246 548 exigua
1270 443 1564 528 hominum
1584 476 1785 526 manus
1810 469 1917 526 suo
1944 459 2218 524 exercitui
2234 447 2391 521 esset

209 575 657 642 repugnatura.
636 559 696 604 ¹2⁹·
741 559 819 618 Et
847 559 980 620 ille.
1023 565 1063 597 ‘²
1086 561 1282 621 Re'x!”
1325 561 1527 641 inquit,
1575 565 1616 597 “
1644 579 1753 638 age
1778 567 2007 618 mecum
2032 567 2097 616 ut
2126 573 2257 616 cum
2281 544 2387 612 ho-

207 651 386 709 mine
409 649 692 721 mendaci,
713 650 820 710 nisi
846 651 975 712 haec
1001 651 1080 712 ita
1107 661 1384 712 ‘eventura
1411 659 1544 711 su‘nt
1573 662 1635 711 ut
1660 666 1778 730 ego·
1794 650 1979 710 dicol'
2203 663 2211 668 ’
2236 667 2239 670 ·

301 747 447 802 210.
489 743 645 803 Haec
673 724 1015 803 Demaratus
1045 743 1241 803 diceris
1271 733 1449 802 Xerxi
1488 747 1605 803 nori
1640 741 1938 822 persuasit.
2021 741 2220 818 Itaque
2246 745 2387 818 qua-

211 843 360 892 tuor
390 853 500 894 rex
540 835 840 894 intermisit
864 834 1006 906 dies,
1050 833 1276 896 assidue
1315 835 1443 895 illos
1482 851 1718 915 sperans
1742 835 1885 913 fuga
1925 851 1989 893 se
2027 839 2384 910 recepturos.

219 926 451 1000 Quinto
475 947 612 1002 γει-ο
642 927 753 1001 die,
780 947 952 1006 quum
987 927 1070 986 illi
1097 947 1212 988 non
1241 928 1631 1000 recessissent,
1659 927 1764 987 sed
1804 939 1907 1006 per
1935 924 2295 992 obstinatam,
2320 925 2386 980 ut

219 1017 409 1076 Xerxi
435 1013 752 1090 videbatur,
789 1017 1196 1098 impudentiam
1222 1020 1713 1098 temeritatemque
1734 1027 2053 1087 manerent,
2080 1015 2256 1074 iratus
2282 1019 2388 1072 rex

223 1111 448 1170 Medos
475 1121 536 1170 et
563 1111 779 1171 Cissios
805 1111 1072 1171 adversus
1112 1111 1238 1171 illos
1278 1111 1449 1186 misit,
1478 1111 1615 1171 dato
1641 1109 1911 1170 mandato
1938 1119 2003 1166 ut
2024 1105 2184 1165 vivos
2214 1124 2387 1187 capez

221 1213 363 1262 rent
390 1213 450 1262 et
489 1202 548 1260 in
575 1214 954 1282 conspectum
983 1217 1146 1263 suum
1173 1201 1545 1264 adducerent.
1628 1195 1713 1263 Ut
1738 1217 1876 1285 vero
1900 1200 1961 1259 in
1989 1189 2227 1258 Graeco's
2254 1203 2389 1257 cum

221 1287 454 1375 impetu'
487 1296 772 1354 irruerunt
809 1295 995 1367 Medi,
1021 1295 1194 1354 'multi
1239 1315 1312 1353 ex
1352 1295 1434 1355 eis
1462 1294 1764 1355 cecidere:
1805 1293 2007 1374 quibus
2052 1305 2388 1349 successere

223 1383 345 1458 alii,
368 1406 480 1447 nec
503 1406 566 1446 se
593 1405 882 1467 recepere,
902 1387 1157 1467 quamvis
1177 1403 1387 1465 magna
1415 1387 1581 1446 clade
1607 1389 1878 1465 accepta·
1907 1381 2389 1458 ostenderuntque

221 1479 484 1552 cuilibet,
511 1481 758 1540 maxime
797 1499 935 1539 vero
976 1481 1099 1559 regi
1145 1480 1267 1559 ipsi,
1295 1477 1501 1539 multos
1540 1478 1773 1574 quidem
1810 1477 2071 1538 homines
2112 1485 2257 1547 esse,
2286 1471 2391 1534 sed

221 1579 449 1650 paucos
473 1571 642 1631 viros.
725 1571 974 1631 Praeliati
1000 1584 1132 1632 sunt
1159 1579 1349 1632 autem
1373 1586 1479 1652 per
1497 1579 1695 1631 totum
1692 1565 1879 1632 diem.

309 1667 464 1724 211.
495 1663 803 1744 Postquam
838 1659 920 1724 ita
959 1665 1110 1727 male
1149 1665 1374 1746 accepti
1408 1677 1542 1725 sunt
1580 1664 1768 1737 Medi,
1796 1676 1933 1727 tum
1956 1653 2017 1722 hi
2058 1648 2289 1744 quidem
2327 1647 2391 1718 iri

225 1763 421 1816 castra
446 1775 515 1818 se
527 1771 871 1836 receperet
902 1768 962 1816 et
989 1751 1186 1817 Persae
1213 1747 1294 1818 eis
1328 1758 1725 1830 succedentes,
1752 1773 1895 1836 quos
1932 1755 2252 1815 immortales
2277 1738 2388 1811 re'x

225 1847 583 1928 adpellabat,
615 1849 820 1928 quibus
848 1861 1090 1928 praeerat
1123 1849 1499 1930 Hydarnes,
1483 1870 1542 1908 ιιι
1578 1850 1803 1908 hostem
1840 1849 2099 1916 iverunt·
2141 1843 2303 1924 quasi
2326 1831 2389 1900 lii

225 1940 435 2020 utique
465 1939 634 2000 facile
675 1939 993 2001 confecturi
1034 1961 1174 2000 rem
1198 1954 1411 2003 essent.
1494 1941 1580 2003 Ut
1603 1961 1740 2001 vero
1780 1941 1839 1998 hi
1869 1956 2097 2019 quoque
2136 1953 2392 2022 pugnam

229 2051 370 2092 cum
393 2031 623 2092 Graecis
650 2052 1010 2105 conseruere,
1039 2019 1217 2094 nihilo⁰
1257 2035 1517 2114 amplius,
1555 2053 1727 2115 quam
1752 2031 1939 2104 Medi,
1966 2033 2390 2112 promoverunt,

229 2120 338 2184 sed
367 2125 627 2184 eamdem
647 2125 900 2186 habuere
926 2137 1173 2188 sortem:
1202 2127 1410 2207 quippe
1433 2127 1493 2185 in
1519 2136 1759 2206 angusto
1784 2123 2025 2185 transitu
2046 2129 2392 2203 pugnantes,

227 2215 333 2275 ubi
380 2217 653 2295 explicari
688 2219 993 2290 multitudo
1031 2238 1147 2278 non
1184 2227 1427 2299 poterat,
1438 2230 1518 2280 et
1556 2219 1736 2279 hastis
1774 2228 2004 2278 utentes
2036 2212 2390 2275 brevioribus

230 2323 405 2386 quam
431 2309 648 2370 Graeci.
693 2309 1158 2371 Lacedaemonii
1183 2330 1318 2373 vero
1339 2312 1767 2373 memorabilem
1787 2311 2091 2372 ediderunt
2117 2298 2393 2388 pugnam,

233 2415 417 2480 quum
458 2402 580 2461 aliis
621 2403 792 2462 rebus
819 2404 1188 2465 ostendentes
1215 2407 1431 2486 peritos
1458 2425 1585 2470 sese
1624 2409 1754 2466 cum
1780 2403 2053 2496 imperitis
2093 2397 2393 2503 congredi,

228 2500 360 2551 tum
399 2495 553 2571 quod
593 2494 836 2555 subinde
877 2508 1045 2576 terga
1079 2509 1387 2570 verterent,
1411 2497 1589 2558 veluti
1633 2489 1832 2576 fugam
1873 2503 2233 2575 capessentes
2272 2489 2394 2549 uni-

236 2585 414 2655 versi,
437 2583 645 2645 deinde
671 2607 828 2657 veru,
841 2589 1082 2677 quando
1107 2589 1459 2694 fugientibus
1484 2590 1677 2650 Perses
1694 2609 1827 2648 cum
1850 2588 2099 2648 clamore
2128 2583 2393 2662 strepitu

234 2691 352 2754 que
377 2675 683 2746 instabant,
713 2675 939 2756 ipsique
972 2683 1090 2753 jam
1117 2679 1176 2735 in
1203 2699 1274 2736 eo
1300 2690 1486 2736 erant
1502 2691 1565 2736 ut
1593 2677 2172 2756 deprehenderentur,
2202 2675 2393 2744 subito

241 2781 522 2828 conversa
548 2768 671 2828 acie
711 2769 860 2828 hosti
888 2788 1016 2829 sese
1041 2780 1419 2850 opponerent,
1444 2780 1616 2848 atque
1643 2770 1725 2828 ita
1749 2763 2220 2828 innumerabilem
2250 2767 2391 2825 Per-

233 2871 427 2920 sarum
455 2871 882 2940 prosternerent
911 2861 1345 2922 multitudinem.
1430 2860 1776 2922 Ceciderunt
1801 2871 1992 2921 autem
2019 2859 2096 2921 ibi
2119 2857 2395 2918 Lacedae·

237 2951 555 3012 moniorum
583 2953 754 3012 etiam
776 2954 1050 3012 nonnulli.
1131 2953 1445 3033 Postquam
1470 2972 1625 3024 vero,
1646 2953 1901 3032 quamvis
1928 2969 2135 3030 magno
2159 2957 2389 3019 conatu,

235 3055 297 3101 et
321 3043 608 3104 turmatim
637 3054 696 3104 et
720 3045 919 3124 quovis
947 3045 1118 3104 modo
1145 3045 1417 3126 impetum
1444 3044 1742 3115 facientes,
1765 3044 1921 3104 nulla
1947 3053 2109 3123 parte
2127 3041 2391 3153 introitus

133 3193 142 3202 ,
233 3134 404 3214 potiri
431 3135 624 3196 Persae
649 3147 974 3216 potuerunt,
1004 3147 1294 3217 postremo
1319 3139 1379 3196 hi
1407 3155 1637 3218 quoque
1664 3132 2000 3217 retrogressi
2026 3143 2181 3195 sunt.·

311 3231 451 3287 212.
495 3227 654 3287 Dum
697 3228 778 3288 ita
825 3229 1311 3301 conflictabantur,
1357 3229 1541 3291 fertur
1584 3231 1823 3301 Xerxes,
1869 3244 2065 3308 quum
2092 3214 2396 3307 spectandi

232 3335 437 3378 caussa
454 3318 610 3378 haud
635 3321 833 3400 procul
859 3321 1104 3392 abesset,
1126 3332 1214 3382 ter
1231 3321 1303 3382 de
1323 3322 1465 3382 solio
1486 3339 1591 3382 suo
1619 3315 1877 3392 exsiliise,
1898 3331 2158 3380 metuens
2183 3336 2392 3400 nempe·

233 3429 338 3469 suo
367 3411 665 3470 exercitui.
747 3409 917 3473 Tunc
945 3413 1119 3492 igitur
1143 3415 1223 3474 ita
1259 3426 1569 3495 pugnatum
1608 3422 1712 3474 est.
1785 3411 2075 3473 Postridie
2099 3433 2235 3474 vero
2262 3415 2391 3491 ejus

237 3501 364 3562 diei
383 3501 559 3561 nihilo
583 3502 804 3564 felicius
831 3505 1050 3565 barbari
1077 3517 1492 3585 pugnaverunt.
1573 3506 1767 3572 Quum
1791 3505 1941 3565 enim
1970 3505 2207 3596 exiguus
2235 3500 2393 3566 esset!

233 3593 580 3672 Graecorum
621 3616 904 3680 numerus,
945 3597 1080 3657 rati
1101 3597 1336 3657 Barbari
1375 3595 1670 3657 confectos
1709 3614 1836 3658 esse
1876 3597 2004 3658 illos
2045 3591 2396 3670 vulneribus,

230 3698 420 3771 neque
445 3689 593 3747 vires
632 3689 870 3768 amplius
898 3689 971 3750 ad
1010 3690 1392 3756 resistendum
1428 3689 1760 3762 habituros,
1781 3690 1971 3750 denuo
2008 3709 2106 3750 eos
2134 3688 2394 3780 adgressi

233 3789 386 3837 sunt.
438 3780 523 3838 At
545 3777 754 3852 Graeci,
779 3801 880 3860 per
901 3782 1129 3842 ordines
1155 3801 1368 3888 perque
1389 3783 1629 3862 populos
1652 3777 1879 3861 digesti,
1900 3781 1973 3841 in·
1984 3783 2168 3843 vicem
2196 3771 2389 3842 cuncti

228 3881 574 3950 pugnarunt,
601 3869 998 3933 Phocensibus
1040 3873 1330 3955 exceptis·
1377 3873 1439 3932 hi
1468 3873 1617 3934 enim
1656 3875 1717 3934 in
1756 3883 1957 3936 monte
1995 3886 2156 3935 erant
2192 3865 2395 3945 locati,

232 3961 492 4021 semitam
521 3963 878 4024 custodituri.
959 3963 1077 4025 Ubi
1102 3987 1238 4027 vero
1273 3966 1457 4025 nihilo
1500 3962 1720 4040 melius,
1748 3985 1919 4046 quam
1954 3966 2158 4046 pridie,
2188 3959 2387 4024 Perses

235 4069 361 4111 rem
385 4053 493 4112 sibi
521 4053 787 4116 viderunt
803 4056 1138 4130 succedere,
1161 4061 1587 4118 abscesserunt
1662 4123 1679 4139 .
1708 4113 1713 4119 ,

309 4145 582 4204 213.1bi
606 4157 748 4206 tunc
771 4167 988 4226 regem,
1012 4147 1282 4228 quidnam
1303 4149 1523 4210 consilii
1543 4161 1775 4230 caperet
1800 4150 2099 4224 incertum,
2120 4147 2387 4208 convenit

237 4231 551 4314 Ephialtes,
571 4237 885 4319 Eurydemi
911 4239 1417 4314 filius,·Maliensis,
1437 4243 1640 4322 ingens
1667 4240 1865 4302 abillo
1890 4234 2184 4322 praemium
2208 4243 2271 4300 se
2296 4255 2399 4302 ree

235 4325 485 4387 laturum
511 4345 771 4409 sperans,
803 4331 1184 4411 indicavitque
1209 4335 1265 4394 ei
1291 4336 1532 4393 semitam
1562 4353 1663 4410 per
1688 4343 1885 4394 montes
1911 4335 1985 4391 ad
2012 4331 2399 4410 Themwpylas-

217 4416 529 4497 serentem,·
557 4432 735 4504 atque
758 4424 843 4485 ita
869 4423 1111 4486 Groecos
1137 4426 1401 4506 perdidit,
1424 4425 1719 4488 stationem
1740 4425 1818 4487 ibi
1844 4425 2141 4488 habentes.
2220 4422 2385 4486 Idem
