2817 4792
420 285 547 354 '254
662 357 677 366 ,
1040 283 1512 346 HERODOTI-
1529 281 1863 344 HIS-T-OR.
1913 282 1986 342 V.

506 417 737 482 43.1bi
766 416 1140 486 Antichares,
1176 415 1315 472 civis
1344 412 1641 482 Eleonius,
1669 431 1744 470 ex
1765 410 1896 478 Laii
1923 407 2168 468 oraculis
2214 408 2522 468 consilium
2551 407 2622 468 ei

430 511 612 578 dedit,
651 519 717 567 ιιι
752 507 1105 568 Heracleam
1141 505 1203 562 in
1247 502 1444 563 Sicilia
1472 502 1786 570 conderet;
1825 497 2029 560 dicens
2064 500 2368 558 universam
2403 501 2623 574 Erycis

428 605 695 683 regionem
718 600 1139 658 Heracliden-um
1162 615 1292 666 esse,
1320 595 1540 676 quippe
1539 595 1653 652 ab
1630 614 1748 672 apso
1772 593 2016 652 Hercule
2033 591 2386 668 adquisitam.
2463 594 2620 657 Quo

430 695 649 769 audito,
690 690 949 770 Delphos
973 687 1269 768 profectus
1306 686 1567 756 Doricus,
1595 683 1802 762 quoerit
1835 702 1912 742 ex
1935 682 2194 754 oraculo,
2225 701 2296 740 an
2317 682 2622 758 potiturus

431 792 507 846 sit
542 796 697 844 terra
724 803 883 861 quam
922 783 1074 840 odire
1108 781 1409 858 cogitaret
1394 787 1422 836 ,²
1459 787 1520 837 et
1547 776 1780 874 Pythia,
1815 777 2122 852 potiturum
2153 795 2238 845 eo,
2281 773 2614 854 respondit.

436 879 639 938 Sumta
662 876 855 954 itaque
888 873 1073 932 classe
1100 882 1162 931 et
1197 869 1588 939 multitudine,
1617 867 1790 948 quam
1819 866 2127 928 eamdem
2111 886 2170 925 ιιι
2199 865 2464 949 Africam
2495 864 2614 923 du·-

432 979 619 1048 xerat,
648 969 869 1026 Italiam
900 975 990 1024 est
1013 971 1444 1042 praetervectus.

508 1065 610 1122 44.
654 1060 773 1136 Per
806 1057 897 1116 id
906 1060 1151 1133 tempus,
1188 1063 1254 1112 ut
1290 1062 1615 1112 memorant
1642 1050 1982 1130 Sybaritoe'
1964 1049 2072 1130 ipsi
2109 1059 2171 1108 et
2209 1067 2314 1108 rex
2349 1047 2616 1126 ipsorum

431 1154 615 1233 Telys
648 1151 709 1210 in
736 1169 809 1208 eo
835 1158 997 1226 erant
1022 1157 1087 1206 ut
1112 1146 1384 1205 adversus
1414 1145 1734 1204 Crotonem
1755 1163 1916 1203 arma
1939 1150 2266 1202 moverent.
2309 1151 2370 1201 et
2397 1141 2614 1200 Croto-

432 1246 627 1320 niatae,
654 1253 813 1302 metu
834 1221 1109 1319 perculsi,
1146 1246 1421 1316 rogarunt
1451 1236 1730 1296 Dorieum
1765 1246 1832 1294 ut
1869 1255 2039 1315 opem
2065 1234 2175 1295 sibi
2201 1233 2397 1303 ferret,
2424 1231 2612 1308 idque

435 1338 511 1396 ab
538 1335 637 1396 illo
658 1335 1056 1438 impetrarunt.
1128 1331 1283 1390 Nam
1306 1351 1440 1392 cum
1459 1331 1570 1390 illis
1591 1330 1864 1390 adversus
1894 1331 2143 1411 Sybarin
2170 1341 2260 1390 est
2285 1328 2610 1409 profectus,

434 1439 497 1490 et
533 1446 651 1486 ιιιιιι
682 1428 814 1486 c'um
853 1424 961 1482 illis
1006 1423 1252 1503 Sybarin
1290 1423 1462 1502 cepit.
1542 1423 1683 1482 Hoc
1724 1422 1899 1502 igitur
1939 1443 1976 1483 a
2001 1422 2244 1492 Dorico,
2275 1432 2336 1481 et
2375 1421 2464 1479 his
2505 1419 2610 1498 qui

434 1539 567 1582 cum
596 1539 669 1579 eo
696 1529 877 1588 erant,
905 1526 1133 1595 gestum
1159 1533 1289 1576 esse
1314 1515 1475 1574 aiunt
1494 1514 1801 1594 Sybaritoe.
1885 1514 2236 1576 Crotoniatae
2261 1515 2404 1582 v‘ero·
2427 1505 2610 1570 adfir-

434 1621 611 1680 mant,
640 1609 924 1688 neminem
952 1605 1319 1686 peregrinum
1343 1605 1484 1665 belli
1520 1609 1728 1666 contra
1745 1605 2053 1686 'Sybaritas
2093 1603 2350 1684 suscepti
2375 1602 2608 1663 socium

435 1702 541 1762 sibi
567 1701 763 1772 fuisse,
790 1698 900 1758 nisi
924 1717 1101 1757 unum
1130 1695 1397 1765 Calliam,
1423 1707 1612 1756 vatem
1633 1697 1864 1772 Eleum,
1888 1717 1963 1757 ex
1989 1697 2338 1758 Iamidarum
2357 1694 2608 1762 familia3

434 1812 681 1870 eumque
706 1792 821 1850 hac
858 1789 1101 1857 ratione,
1131 1787 1294 1868 quod
1320 1807 1359 1847 a
1380 1788 1557 1870 Tely,
1591 1789 1988 1869 Sybaritarum
2013 1800 2260 1869 tyranno
2275 1789 2362 1848 'ad
2385 1807 2450 1846 se
2475 1807 2610 1866 pro-

430 1883 693 1963 fugisset,
718 1889 923 1962 ‘quum
966 1879 1307 1941 sacrificanti
1350 1881 1628 1940 adversus
1655 1881 1983 1959 ’Crotonem
2027 1899 2196 1940 sacra
2227 1899 2432 1960 parum
2470 1898 2610 1958 pro-

432 1995 605 2056 spera
628 1973 972 2034 evenissent.
1056 1973 1195 2032 Hoc
1221 1971 1458 2051 quidem
1483 1972 1544 2030 hi
1569 1972 1786 2032 dicunt.
1845 2023 1850 2030 .

510 2074 610 2130 45.
652 2065 1007 2128 Testimonia
1024 2077 1217 2126 autem
1246 2064 1542 2140 dictorum
1557 2066 1693 2126 hoec
1707 2065 1981 2127 adferunt
2005 2067 2255 2146 utrique.
2313 2063 2604 2145 Sybaritoe

434 2161 686 2243 quidem,
712 2161 919 2240 partim
960 2169 1244 2219 testantur
1270 2177 1474 2238 agrum
1501 2178 1724 2220 sacrum
1751 2171 1926 2238 atque
1965 2159 2246 2238 templum
2284 2177 2464 2238 prope
2489 2157 2604 2216 sic-

432 2275 567 2317 cum
594 2255 855 2322 Crastin3
882 2273 1013 2332 quae
1030 2253 1333 2323 Minervae,
1352 2255 1698 2333 cognomine
1716 2254 1980 2326 Crastiae,
2004 2255 2276 2314 dedicata
2293 2273 2424 2314 esse
2439 2253 2603 2313 aiunt

432 2367 471 2408 a
494 2346 735 2416 Dorieo,
764 2355 1066 2425 postquam
1102 2344 1445 2425 consociatis
1481 2346 1651 2406 armis
1679 2366 1810 2408 cum
1843 2347 2192 2406 Crotoniatis
2220 2341 2470 2426 Sybarin
2503 2367 2604 2408 ce-

431 2441 643 2520 pisset3
685 2439 890 2518 partim
928 2437 1107 2516 ipsius
1133 2437 1338 2498 Doriei
1378 2449 1620 2498 mortem
1664 2450 1732 2498 ut
1767 2438 2081 2498 maximum
2123 2437 2396 2498 adferunt
2433 2458 2604 2517 argu·

430 2531 710 2603 mentum,
755 2530 969 2610 quippe
1008 2531 1180 2608 q'uem
1219 2529 1457 2608 periisse
1497 2530 1656 2589 aiunt
1694 2549 1767 2589 eo
1794 2530 1953 2609 quod
1994 2540 2198 2589 contra
2222 2529 2492 2591 vaticinia
2515 2531 2600 2590 fe-

430 2622 639 2685 cisset:
672 2622 781 2702 'qui
809 2621 855 2682 si
878 2622 1031 2680 ‘nihil
1057 2621 1414 2701 deliquisset,
1443 2622 1549 2682 sed
1576 2623 1638 2681 id
1661 2623 1896 2683 fecisset
1923 2624 1999 2683 ad
2027 2624 2186 2702 quod
2221 2625 2426 2684 missus
2451 2635 2597 2686 erat,

428 2715 681 2796 cepisset
706 2714 1018 2795 Erycinam
1053 2723 1287 2784 terram,
1317 2725 1378 2773 et
1421 2723 1644 2794 captam
1683 2715 2038 2787 obtinuisset,
2069 2735 2260 2794 neque
2299 2717 2425 2796 ipse
2469 2736 2600 2777 cum

426 2812 553 2868 suo'
579 2806 843 2867 exercitu
876 2806 1081 2864 fuisset
1118 2806 1475 2866 interemtus.
1559 2808 1778 2866 Contra
1821 2807 2176 2868 Crotoniatae
2219 2807 2406 2867 multa
2444 2827 2605 2867 mon-

424 2899 609 2960 strant
634 2899 695 2956 in
724 2898 1091 2958 Crotoniensi
1116 2917 1260 2977 agro
1280 2897 1494 2958 eximie
1515 2897 1728 2960 donata
1745 2898 1948 2959 calliae
1967 2899 2135 2971 Eleo,
2154 2919 2284 2977 quoe
2305 2899 2384 2958 ad
2411 2919 2602 2959 meam

423 3011 610 3071 usque
652 2995 883 3049 aetatem
929 2990 1142 3068 posteri
1191 2989 1393 3049 Calliae
1443 2990 1855 3069 possederunt:
1904 2991 2126 3050 Dorieo
2168 3011 2308 3052 vero
2359 2995 2601 3071 ejusque

424 3083 667 3162 posteris
695 3082 835 3140 nihil
864 3101 993 3142 esse
1022 3082 1331 3151 donatum,
1315 3105 1330 3120 ·
1377 3081 1472 3141 cui
1508 3091 1726 3153 tamen,
1754 3083 1803 3156 si
1829 3083 2016 3142 socius
2057 3081 2259 3141 fuisset
2289 3082 2602 3185 Sybaritici

424 3171 582 3245 belli,
613 3175 797 3231 multo
820 3172 986 3250 plura
1011 3193 1185 3252 quam
1214 3172 1417 3232 Callioe
1443 3171 1687 3232 fuissent
1715 3174 1945 3234 donata.
2028 3175 2184 3234 Haec
2209 3173 2444 3252 utrique
2465 3195 2600 3254 pro-

423 3259 617 3328 ferunt
640 3264 1003 3330 testimoniaz
1039 3283 1279 3374 quorum
1318 3263 1461 3323 utris
1489 3265 1772 3326 accedere
1799 3266 2040 3345 quisque
2067 3265 2356 3336 maluerit,
2386 3267 2481 3327 his
2507 3287 2600 3327 ac-

426 3357 599 3418 cedat
634 3356 787 3417 licet.
933 3365 941 3372 '
2053 3409 2058 3414 ,
2137 3407 2144 3412 .

380 3439 387 3446 ’
466 3455 602 3512 .46.
646 3449 1008 3528 Navigarunt
1034 3462 1225 3512 autem
1250 3471 1382 3539 cum
1404 3452 1624 3512 Dorieo
1649 3451 1748 3511 alii
1777 3450 2062 3531 Spartani,
2091 3451 2413 3528 condendae
2435 3452 2596 3512 colo-

420 3541 535 3603 niae
548 3539 709 3612 socii,
730 3541 1061 3614 Thessalus,
1076 3551 1137 3602 et
1154 3542 1509 3614 Paraebates,
1530 3543 1592 3603 et
1611 3544 1840 3613 Celeus,
1861 3549 1922 3602 et
1947 3543 2262 3622 Euryleon.
2295 3545 2414 3609 Qui
2434 3555 2594 3623 post-

422 3623 597 3715 quam
623 3653 759 3694 cum
786 3634 1050 3694 universo
1076 3635 1348 3714 adparatu
1378 3636 1438 3694 in
1478 3636 1734 3696 Siciliam
1758 3647 2164 3714 pervenerunt,
2193 3636 2421 3714 periere
2447 3657 2595 3716 prae·

420 3727 502 3788 lio
521 3725 777 3810 superati
802 3745 839 3784 a
867 3726 1151 3806 Poenisqet
1181 3725 1515 3804 Egestauis.
1592 3727 1762 3788 Unus
1788 3727 2014 3787 illorum
2051 3727 2185 3786 huic
2213 3728 2370 3787 cladi
2394 3747 2594 3807 super·

424 3830 543 3880 stes
566 3817 680 3877 fuit
711 3817 1047 3897 Euryleon(
1074 3818 1155 3888 Ιε,
1185 3818 1448 3878 collectis
1477 3819 1771 3899 copiarum
1799 3818 2069 3898 reliquiis,
2089 3819 2352 3878 Minoam
2382 3821 2590 3890 tenuit,

426 3909 837 3972 Selinusiorum
864 3907 1172 3980 coloniam,
1202 3920 1263 3969 et
1292 3909 1586 3970 Selinusiis
1614 3929 1842 3989 operam
1887 3929 2048 3988 suam
2074 3911 2332 3982 contulit,
2359 3921 2427 3970 ut
2465 3911 2594 3969 Pei-

422 3997 669 4082 thag‘or'a
694 4002 1005 4062 monarcho
1030 4002 1426 4063 liberarentur.
1510 4002 1725 4065 Postea
1749 4022 1909 4074 vero,
1933 4003 2051 4063 hoc
2072 4004 2319 4074 sublato,
2341 4002 2595 4082 tyranni-

424 4095 559 4156 dem
584 4093 927 4156 Selinuntis
914 4114 1037 4173 ipse
1062 4094 1287 4167 invasit,
1320 4113 1562 4174 eamque
1582 4114 1688 4174 per
1704 4093 1900 4154 breve
1901 4099 2130 4175 tempus
2147 4093 2433 4154 obtinuit.
2459 4113 2586 4153 nam

418 4187 834 4248 insui-rectione
861 4187 1022 4247 facta
1044 4187 1461 4265 iuter-Fecerunt
1488 4207 1618 4247 eum
1639 4187 1949 4265 Selinmii,
1979 4187 2208 4247 tametsi
2247 4186 2325 4287 ad
2347 4185 2589 4246 forensis

414 4279 587 4342 <Iovis
612 4298 771 4338 aram
794 4277 1155 4358 profugerat.

506 4371 605 4432 47.
650 4369 897 4442 Secutus
926 4371 1097 4430 etiam
1126 4371 1409 4430 Doricum
1431 4380 1562 4438 ,erat
1586 4379 1648 4430 et
1674 4390 1808 4430 cum
1829 4390 1902 4446 eo
1927 4370 2091 4449 periit
2112 4369 2438 4448 Philippus,
2449 4369 2584 4428 .-Bu
