2817 4792
1105 311 1411 378 ERATO.
1487 333 1528 353 ··
1662 343 1670 348 ·
1726 384 1729 387 ,
2205 323 2321 384 287

161 449 315 506 cum
340 445 440 506 illo
468 445 529 504 ιιι
551 455 761 526 terram
787 439 1029 524 egresso
1065 447 1363 506 commissa
1386 437 1596 525 pugna,
1625 457 1684 503 et
1710 445 1888 524 ipsum
1919 447 2221 508 Histiaeum
2249 450 2330 508 vi-

166 561 320 598 vum
342 539 517 618 cepit,
550 551 607 597 et
636 560 711 596 ιιι
698 542 905 616 1j0rem
932 539 1219 618 copiarum
1244 539 1391 598 illius
1413 549 1634 617 partem
1652 523 1956 598 interfecit.

259 637 368 692 29.
414 631 624 707 Captus
661 641 749 689 est
788 641 978 688 autem
1020 631 1299 688 Histiaeus'
1334 631 1448 689 hoc
1479 631 1668 714 mod0.
1753 631 2068 690 Commisso
2097 632 2337 692 Graecos

174 724 342 782 inter
370 734 429 782 et
460 725 665 782 Persas
691 715 887 802 praelio
927 722 985 778 in
1028 722 1263 780 Malena
1289 721 1410 798 agri
1433 707 1787 790 Atarnensis,
1816 743 1919 800 per
1947 725 2082 782 satis
2109 724 2340 802 longum

178 826 419 893 tempus
456 835 624 894 aequo
662 825 841 873 marte
884 804 1197 904 pugnatum
1228 824 1335 871 est.
1420 814 1520 897 Ad
1547 824 1860 871 extremum
1888 834 2023 872 vero
2063 816 2342 875 immissus

180 908 421 967 Groecis
465 908 747 1002 equitatus
786 899 1079 984 negotium
1123 906 1409 965 confecit:
1467 917 1526 964 et
1565 905 1624 962 in
1663 905 1856 983 fugam
1884 907 2057 966 versis
2102 908 2344 980 GraeciS,

185 999 496 1069 Histiaeus,
525 1019 757 1077 sperans
798 1019 861 1058 se
901 1000 973 1059 ob
1024 997 1328 1058 admissam
1358 997 1586 1076 culpam
1612 1017 1728 1055 non
1753 999 2049 1076 supplicio
2057 999 2346 1074 adfectum

188 1090 258 1147 iri
286 1109 324 1148 a
348 1109 510 1167 rege,
538 1091 711 1149 talem
740 1090 1045 1169 quemdam
1068 1090 1199 1148 vitae
1216 1081 1466 1148 amorem
1495 1087 1777 1167 concepit.
1817 1091 2009 1154 'Quum
2031 1087 2349 1168 fugientem

185 1181 511 1240 adsecutus
554 1192 705 1240 esset
742 1183 931 1241 homo
957 1182 1153 1250 Persa,
1192 1181 1305 1274 qui
1317 1185 1439 1255 jam
1477 1181 1534 1237 in
1573 1201 1643 1240 eo
1671 1190 1795 1240 erat
1821 1193 1884 1239 ut
1927 1181 2345 1282 deprehensum

190 1272 556 1343 confoderet,
586 1273 817 1332 Persico
854 1272 948 1332 ille
974 1267 1247 1340 sermone
1254 1269 1578 1331 hominem
1588 1273 1920 1351 adloquens,
1953 1295 2061 1332 esse
2087 1276 2142 1333 se
2171 1277 2349 1334 Histi-

198 1385 341 1424 oeum
364 1366 639 1423 Milesium
663 1367 949 1425 indicavit.

285 1463 388 1518 30.
436 1459 548 1524 Qui
574 1459 711 1516 siin
722 1459 839 1517 vita
857 1458 1057 1518 fuisset
1072 1469 1350 1528 servatuS,
1375 1469 1434 1516 et
1465 1460 1536 1518 ad
1559 1459 1800 1518 Darium
1826 1441 2022 1538 regem
2049 1461 2352 1532 adductus,

205 1561 354 1645 puto
378 1551 643 1627 equidem
666 1549 805 1608 nihil
824 1551 952 1608 mali
980 1549 1156 1610 fuisse
1175 1570 1305 1609 eum
1327 1557 1647 1631 passurum,
1661 1551 2136 1650 remissurumque
2163 1553 2216 1609 ei
2237 1552 2356 1610 cul-

204 1661 347 1722 pam
375 1639 552 1736 fuisse
579 1662 793 1720 regem.
877 1643 1051 1702 Nunc
1091 1642 1239 1702 hanc
1283 1644 1460 1722 ipsam
1490 1641 1562 1703 ob
1590 1663 1866 1714 caussam,
1903 1645 1976 1702 ne
2009 1645 2196 1703 salvus
2226 1664 2358 1703 eva·

204 1733 397 1804 deret,
425 1723 746 1814 iterumque
772 1747 1011 1812 magnus
1036 1734 1201 1794 fieret
1230 1738 1385 1815 apud
1415 1755 1631 1814 regem,
1664 1736 2051 1814 Artaphernes
2095 1737 2360 1794 Sardium

170 1845 177 1852 ·
208 1823 544 1905 praefectuS,
587 1839 647 1886 et
674 1827 767 1904 qui
793 1826 953 1885 illum
995 1827 1279 1906 captivum
1318 1829 1540 1911 fecerat
1579 1828 1904 1908 HarpaguS,
1933 1838 1996 1910 ut
2027 1827 2236 1886 Sardes
2263 1827 2363 1902 ad-

214 1919 433 1979 ductus
456 1919 856 1990 estHistiaeus,
876 1939 1077 1998 corpus
1092 1911 1239 1979 illius
1256 1913 1675 2000 suspenderunt
1693 1940 1726 1978 e
1747 1940 1937 1992 cruce,
1957 1918 2132 1998 caput
2148 1917 2364 1991 autem,

212 2011 341 2070 sale
383 2011 694 2083 conditum,
737 2011 885 2070 Susa
926 2011 1001 2070 ad
1043 2012 1280 2100 Darium
1322 2032 1520 2101 regem
1557 2013 1850 2072 miserunt.
1932 2011 2153 2078 Quibus
2191 2011 2364 2072 'rebus

176 2103 465 2181 cognitis
508 2104 733 2174 Darius,
761 2103 1097 2183 vituperatis
1135 2104 1222 2163 his
1264 2105 1358 2182 qui
1386 2106 1500 2164 hoc
1535 2105 1820 2174 fecerunt,
1832 2105 2005 2182 quod
2032 2123 2152 2162 non
2177 2103 2366 2162 vivum

180 2189 467 2254 illumin
494 2216 659 2256 suum
686 2201 1054 2288 conspectum
1082 2196 1465 2270 adduxissent,
1488 2207 1664 2274 caput
1686 2195 1912 2280 Histisei
1932 2195 2108 2253 lotum
2134 2196 2194 2254 et
2217 2196 2368 2255 bene

218 2297 484 2348 curatum
508 2289 674 2366 jussit
699 2282 945 2367 sepeliri,
984 2299 1045 2346 ut
1072 2289 1175 2347 viri
1202 2279 1276 2347 de
1318 2307 1381 2346 se
1423 2297 1483 2346 et
1509 2286 1595 2345 de
1637 2273 1825 2346 Persis
1860 2277 2134 2388 praeclare
2160 2288 2365 2347 meriti.

222 2380 367 2439 Hoc
391 2380 561 2457 igitur
583 2381 703 2440 fato
729 2379 963 2451 functus
993 2379 1269 2438 Histiaeus
1296 2389 1404 2438 est.

302 2477 401 2532 31.
443 2472 583 2530 Jain‘
626 2465 829 2529 navalis
879 2473 1169 2528 Persarum
1224 2473 1502 2541 exereitus,
1555 2478 1857 2554 postquam
1903 2473 2053 2552 circa
2107 2459 2374 2534 Miletum

225 2559 617 2643 hyemaverat,
646 2557 907 2658 sequenti
935 2557 1084 2621 anno
1110 2561 1241 2622 inde
1264 2563 1573 2642 profectus,
1594 2564 1820 2624 insulas
1847 2564 2017 2624 facile
2037 2564 2198 2662 cepit
2207 2564 2374 2624 haud

224 2655 429 2735 procul
452 2671 487 2713 a
512 2645 840 2714 continente
870 2655 1021 2726 sitas,
1052 2643 1256 2714 Chium
1279 2666 1339 2744 et
1359 2655 1612 2740 Lesbum
1642 2667 1700 2715 et
1723 2637 2065 2716 Tenedum.
2117 2659 2376 2723 Quarum

224 2747 537 2807 insularum
576 2753 641 2805 ut
676 2767 901 2830 quaque
942 2747 1107 2826 potiti
1146 2757 1309 2806 erant
1350 2747 1596 2832 barbari,
1623 2747 1834 2806 incolas
1876 2768 2068 2807 omnes
2107 2747 2378 2826 indagine

224 2838 447 2898 cinctos
474 2833 795 2918 capiebant.
855 2840 1160 2918 Indagine
1186 2851 1378 2898 autem
1407 2841 1632 2916 cingunt
1655 2825 1766 2899 hoc
1799 2831 1988 2900 modo.
2043 2841 2170 2897 Vir
2197 2842 2381 2900 virum

228 2950 407 2989 manu
452 2927 833 3009 prehendens,
876 2951 913 2992 a
940 2931 1090 2991 mari
1116 2923 1584 3009 septemtrionali
1620 2931 1695 2989 ad
1731 2915 1978 2991 australe
2013 2925 2386 3010 pertinenteS,

230 3035 417 3082 totam
449 3024 767 3102 pervadunt
804 3025 1061 3094 insulam,
1092 3035 1259 3128 atque
1303 3023 1383 3080 ita
1420 3023 1677 3082 homines
1706 3023 1878 3082 veluti
1912 3025 2063 3102 seras
2088 3018 2385 3088 venantur.

238 3116 462 3175 Pariter
510 3135 643 3175 vero
685 3116 853 3174 etiam
896 3109 1122 3175 Ionicas
1170 3116 1228 3172 in
1268 3114 1594 3173 continente
1645 3109 1922 3193 ceperunt
1963 3117 2236 3196 civitates,
2278 3119 2384 3178 nisi

234 3209 395 3288 quod
420 3209 499 3266 ibi
524 3204 796 3267 homines
800 3228 913 3267 non
935 3200 1210 3319 indagine
1239 3207 1455 3266 cinctos
1483 3197 1682 3266 venati
1697 3219 1848 3290 sunt,
1874 3228 2060 3287 neque
2086 3207 2236 3306 enim
2263 3209 2387 3269 fieri

237 3300 297 3359 id
324 3311 616 3378 poterat.
986 3313 993 3320 ’
1198 3317 1201 3324 ·

318 3397 415 3452 32.
459 3393 623 3458 Tunjc
650 3413 787 3452 vero
814 3387 1107 3453 Persarum
1138 3395 1315 3454 duces
1340 3413 1478 3454 vera
1501 3395 1885 3486 praestiterunt
1920 3416 2008 3468 ea,
2041 3393 2168 3477 quae
2195 3397 2392 3456 minati
2433 3397 2438 3399 ’

238 3485 479 3544 Ionibus
520 3497 701 3557 erant,
732 3481 906 3580 quum
948 3486 1029 3544 ini
1071 3506 1149 3545 ex
1157 3485 1438 3547 adverso
1471 3499 1660 3549 castra
1697 3479 1996 3549 haberent.
2077 3488 2393 3570 Postquam

239 3577 395 3635 enim
433 3577 667 3638 urbibus
704 3579 874 3662 potiti
905 3590 1058 3649 sunt,
1094 3567 1341 3639 selectos
1381 3585 1686 3684 puerorum
1713 3580 2140 3642 formosissimos
2181 3578 2394 3642 castra·

240 3680 396 3737 runt,
428 3688 505 3726 ex
527 3670 674 3729 viris
715 3671 1008 3761 eunuchos
1040 3671 1351 3741 facientem
1397 3683 1458 3730 et
1498 3672 1740 3750 virgines
1755 3673 1964 3754 forma
1975 3664 2392 3758 praecellentes

238 3759 629 3821 abduxerunt
645 3756 721 3821 ad
746 3782 987 3840 regem:
1030 3763 1313 3850 simulque
1340 3751 1510 3823 urbes
1539 3783 1669 3822 cum
1708 3764 1844 3843 ipsis
1884 3747 2106 3842 templis
2133 3765 2393 3826 incendio

242 3847 611 3912 cremarunt.-
674 3850 869 3946 Atque
908 3855 990 3913 ita
1028 3859 1197 3914 tertio
1231 3857 1305 3913 in
1324 3856 1634 3916 servitutem
1661 3857 1820 3916 Iones
1845 3858 2050 3914 redacti
2073 3863 2240 3954 sunt:
2253 3857 2395 3937 pri·

209 3971 217 3979 ·
244 3965 405 4003 mum
430 3963 467 4004 a
493 3945 695 4024 Lydis,
722 3958 782 4005 et
800 3941 905 4006 bis
917 3946 1200 4040 deinceps
1217 3954 1375 4006 tunc
1384 3967 1433 4006 a
1447 3934 1654 4008 PersiS.
1697 3951 1704 3956 “
1741 3953 1746 3960 “

214 4053 227 4060 ‘
324 4041 425 4098 33.
472 4037 612 4096 Post
648 4035 800 4108 haec,
832 4033 1043 4098 relicta
1070 4041 1247 4112 Ionia,
1274 4041 1488 4100 navalis
1529 4041 1812 4100 exercitus
1845 4040 2044 4100 omnia
2071 4039 2401 4117 Hellesponti

246 4129 387 4200 loca,
428 4135 565 4207 quoe'
590 4131 663 4189 ad
708 4130 983 4214 sinistram
1028 4142 1161 4190 sunt
1199 4132 1446 4203 intranti,
1475 4129 1737 4220 subegit.
1786 4137 1936 4202 nam,
1967 4133 2109 4234 qu'ae
2129 4150 2189 4189 a
2185 4127 2404 4191 dextra

246 4231 407 4289 sunt,
440 4236 515 4278 ea
538 4221 749 4280 Persae
769 4221 891 4298 jam
916 4222 1023 4300 ipsi
1061 4243 1167 4301 per
1192 4243 1274 4294 se,
1306 4235 1464 4283 terra
1486 4223 1761 4301 adgressi,
1791 4243 1952 4282 suam
1980 4223 2037 4280 in
2063 4203 2405 4310 potestatem

218 4313 618 4391 redegerant.
703 4315 879 4375 Sunt
890 4325 1095 4374 autem
1123 4317 1199 4374 ad
1228 4315 1674 4394 Hellespontum
1714 4315 1774 4375 in
1801 4316 2038 4394 Europa
2069 4314 2202 4374 loca
2239 4315 2404 4375 haec.

250 4403 671 4482 Chersonesus,
714 4408 773 4466 in
815 4418 931 4487 qua
970 4399 1261 4487 complura
1306 4408 1500 4467 insunt
1547 4407 1778 4487 oppida,
1828 4418 1950 4466 tum
1986 4406 2308 4482 Perinthus,
2350 4409 2409 4468 'et
