2817 4792
950 365 957 372 .
1018 297 1582 382 MELPOMENE.
1641 361 1650 368 ,
2185 363 2192 372 ,
2257 303 2374 372 21⁵

190 443 339 512 pter
376 429 1082 512 serpentes.·1ngent·em
1107 434 1261 495 enim
1300 443 1630 514 serpentum
1667 430 2086 492 multitudinem
2111 401 2372 494 ediderat

190 525 339 586 haec
364 525 550 604 regio,
574 543 817 602 quorum
842 525 1079 604 quidem
1116 531 1295 601 major
1318 545 1452 622 pars
1489 545 1565 584 ex
1589 523 1978 604 superioribus
2014 523 2370 628 regionibus,

167 635 339 694 *quoe
350 605 617 676 desertae
656 625 810 688 sunt,
832 615 1181 692 inuaserant.
1263 618 1359 682 Ad
1384 611 1726 686 eittremum,
1743 615 1916 676 malis
1953 616 2154 694 pressi,
2181 617 2378 676 relicta

192 727 314 766 sua
356 719 541 778 terras
562 725 699 768 curn
740 707 981 768 Budinis
1005 708 1327 770 habitatum
1364 717 1814 770 concesserunt.
1881 707 2161 766 Videntur
2185 707 2380 768 autem

76 855 87 868 ,
190 799 663 882 praestigiatores
690 817 819 860 esse
845 799 907 857 hi
922 799 1213 862 homines:
1231 811 1468 860 narrent
1491 809 1654 862 certe
1677 797 1912 877 Scythae
1927 809 1988 858 et
2013 785 2209 858 Graeci
2237 800 2382 884 Scy-

193 890 391 952 thiam
418 890 755 962 incolentes,
784 891 967 950 semel
1012 891 1316 970 quotannis
1355 891 1682 952 Nem-orum
1721 909 2006 970 quemque
2032 909 2138 968 per
2161 890 2381 968 aliquot

197 981 428 1041 diesin
454 982 655 1070 lupum
693 982 921 1053 mutari,
950 981 1161 1044 deinde
1180 1003 1317 1044 vero
1343 1003 1536 1044 rursus
1563 983 1762 1056 formae
1789 1003 1922 1044 snae
1961 982 2182 1044 reddi..
2227 981 2380 1044 Mihi

194 1073 443 1152 quidem
474 1065 603 1141 haec
630 1085 929 1133 narrantes
956 1095 1075 1134 non
1100 1075 1482 1154 persuadent·
1525 1086 1760 1144 narrant
1785 1094 1938 1134 vero:
1951 1074 2135 1135 nihilo
2171 1074 2378 1147 minus,
2447 1083 2458 1090 ’

197 1176 389 1244 atque
412 1164 585 1223 etiam
602 1164 943 1244 interposito
958 1168 1334 1242 jurejurando
1356 1166 1683 1228 adfirmant.

288 1260 432 1329 106.
474 1257 833 1333 Androphagi
870 1255 1273 1327 ferocissimos
1282 1258 1536 1318 omnium
1571 1257 1865 1332 hominum
1892 1275 2080 1336 mores
2117 1257 2377 1328 habent3

197 1365 401 1425 neque
420 1348 517 1424 jus
538 1346 799 1406 colentes
808 1343 1023 1420 ullum,
1046 1368 1235 1427 neque
1260 1349 1393 1428 lege
1417 1351 1536 1410 ulla
1559 1363 1806 1412 utentes·
1889 1349 2184 1410 Nomades
2201 1363 2378 1410 sunt.

200 1451 461 1498 vestem
454 1449 709 1516 gestant
751 1438 1045 1518 Scythicae
1084 1441 1363 1511 similem·
1417 1441 1616 1520 lingua
1667 1460 1805 1522 vero
1846 1452 2086 1501 utuntur
2125 1442 2378 1541 propria.

205 1529 333 1594 Soli
362 1541 557 1590 autem
588 1550 679 1589 ex
672 1530 795 1590 illis
822 1532 1047 1610 populis
1072 1527 1323 1593 humana
1346 1545 1523 1594 carne
1552 1544 2036 1594 vescuntur..
2377 1567 2382 1578 ·

132 1609 143 1620 ⁴
288 1624 429 1686 107.
480 1621 857 1694 Melanckloeni
877 1622 1219 1685 vestimenta
1256 1625 1422 1702 nigra
1456 1634 1726 1702 gestant·
1763 1643 1802 1683 a
1825 1624 2030 1702 quibus
2057 1625 2233 1686 etiam
2271 1643 2382 1684 no·-

201 1732 343 1774 men
370 1724 467 1774 est
492 1713 577 1774 eis
600 1713 969 1808 impositum·
1016 1715 1287 1776 institutis
1312 1727 1508 1800 autem
1533 1699 1790 1776 utuntur·
1783 1717 2111 1794 Scythicis.

214 1879 224 1888 ⁸
292 1810 433 1867 108.
476 1807 697 1879 Rudini,
726 1825 970 1890 magnus
996 1808 1319 1889 populuset
1336 1825 1698 1888 numerosus,
1715 1807 1906 1888 glauci
1921 1808 2224 1870 admodum
2243 1820 2378 1870 sunt

203 1919 433 1969 omnes,
456 1901 521 1958 et
558 1897 881 1962 rubicundi.
963 1901 1185 1982 Urbem
1210 1900 1285 1959 ‘hi
1326 1900 1386 1982 in
1424 1919 1532 1960 sua
1571 1899 1790 1960 ditione
1819 1899 2122 1958 conditam
2159 1895 2378 1960 habent

202 1992 503 2070 lignenm:
542 1989 803 2053 Gelonus
844 1993 1058 2075 oppido
1098 2011 1313 2056 nomen
1350 2002 1482 2052 est:
1517 1995 1681 2067 cujus
1729 1993 1876 2050 muri
1912 1980 2064 2051 latus
2101 1993 2376 2077 quodque

202 2082 447 2162 triginta
484 2081 725 2148 stadia
706 2102 769 2141 ιιι
807 2083 1223 2172 longitudinem
1258 2094 1464 2164 patet·
1496 2083 1646 2144 altus
1673 2101 1809 2158 vero
1847 2101 2062 2155 murus,
2103 2094 2378 2164 totusque

203 2177 480 2256 ligneus:
518 2176 674 2236 oedes
700 2176 841 2238 item
868 2188 928 2238 et
954 2178 1171 2258 templa
1206 2177 1401 2256 lignea
1435 2188 1592 2238 sunt.
1674 2176 1824 2236 Sunt
1849 2176 2003 2234 enim
2027 2173 2106 2236 ibi
2137 2175 2374 2236 Graeca-
2401 2217 2407 2222 -

206 2269 469 2327 nieorum
499 2268 737 2338 deorum
764 2269 995 2347 templa,
1018 2269 1236 2334 Graeco
1262 2287 1422 2330 more
1441 2268 1718 2330 instructa
1737 2267 2080 2346 imaginibus
2099 2278 2159 2328 et
2181 2269 2294 2328 aris
2313 2279 2374 2328 et

206 2360 468 2422 delubris
502 2359 724 2440 «ligneis.
808 2361 994 2428 Iidem
1020 2361 1261 2423 Baccho
1288 2355 1586 2428 triennalis
1625 2359 1774 2422 festa
1797 2371 1998 2438 agunt,
2023 2371 2085 2420 et
2112 2353 2374 2443 ‚baccha-

205 2453 363 2515 nalia
388 2443 708 2513 celebrant.
792 2452 940 2512 Sunt
979 2453 1129 2510 enim
1162 2453 1375 2512 Geloni
1417 2453 1636 2531 origine
1664 2451 1862 2511 Graeci
1891 2472 1908 2512 ι
1945 2452 2142 2530 quiex
2177 2471 2373 2532 empo-

206 2545 305 2612 riis
345 2543 519 2623 pulsi,
548 2544 609 2606 in
650 2541 915 2622 Budinos·
945 2542 1264 2604 habitatum
1304 2545 1748 2628 concesserunt:
1785 2543 2096 2624 linguaque
2136 2557 2374 2607 utuntur

207 2637 421 2715 panim
454 2634 753 2714 Scythica,
781 2635 989 2713 partim
1015 2654 1153 2696 vero
1181 2635 1414 2696 Graeca.

230 2732 428 2788 109.
470 2725 685 2785 Rudini
707 2745 841 2786 vero
866 2746 983 2792 nou
1008 2727 1215 2788 eadem
1240 2727 1454 2806 lingua,
1483 2737 1657 2806 atque.
1683 2726 1916 2799 Geloni,
1941 2736 2218 2788 utuntur.
2259 2747 2370 2788 nec

209 2767 420 2878 eadem
462 2818 714 2896 utrisque
759 2818 891 2878 vitae
931 2818 1083 2878 ratio
1130 2829 1239 2880 est.
1322 2819 1536 2882 Budini
1561 2819 1734 2890 enim,
1773 2819 2043 2920 indigena
2079 2837 2240 2896 gens,
2267 2838 2371 2902 no-

208 2909 413 2970 mades
441 2906 749 2988 (pastores)
778 2921 947 2978 sunt3
984 2910 1201 2990 solique
1228 2910 1288 2968 hi
1316 2929 1389 2970 ex
1406 2910 1674 2970 omnibus
1701 2909 1932 2972 istarum
1953 2909 2258 3002 'regionum
2285 2909 2370 2968 in·

207 3001 353 3061 colis
406 3000 703 3078 pediculos
757 3001 1091 3062 comedunt.
1172 3001 1389 3062 Geloni
1437 3019 1575 3060 vero
1626 3013 1836 3060 terram
1889 3000 2108 3077 colunt,
2161 3019 2372 3079 panem

208 3093 545 3162 comedunt,
576 3092 773 3178 hortos
790 3092 1047 3159 habent3
1084 3093 1223 3152 nihil
1251 3093 1370 3154 istis
1408 3111 1520 3152 nec
1539 3093 1728 3158 forma
1755 3091 1984 3164 similes,
2011 3110 2124 3152 nec
2153 3091 2369 3152 colore.-

206 3187 625 3248 Verumtamen
663 3205 701 3246 a
738 3185 964 3246 Graecis
1015 3185 1227 3245 Budini
1266 3185 1440 3246 etiam
1482 3184 1695 3246 Geloni
1735 3181 2130 3253 nominantur;
2169 3202 2390 3262 parum.

204 3290 372 3366 recte
398 3279 464 3338 id
488 3275 739 3356 quidem.
802 3277 911 3336 Est
936 3288 1128 3338 autem
1155 3277 1419 3338 universa
1442 3278 1668 3338 illorum
1693 3286 1852 3336 terra
1877 3275 2056 3355 sylvis
2075 3275 2367 3354 frequenti,

160 3362 165 3372 ¹
206 3361 366 3433 omni
392 3389 611 3450 genere
638 3371 905 3430 arborum
926 3369 1170 3430 refertis.
1208 3370 1283 3428 In
1308 3369 1650 3452 densissime
1674 3369 1838 3448 sylva
1860 3369 2024 3431 lacus
2051 3377 2140 3428 est
2163 3363 2369 3445 ingens

207 3474 269 3523 et
292 3463 471 3531 altus,
498 3473 563 3521 et
588 3461 965 3522 circumcirca
978 3461 1149 3540 palus
1174 3461 1450 3522 arundine
1476 3463 1766 3541 frequens.
1842 3461 1918 3522 In
1945 3481 2018 3528 eo
2043 3461 2176 3520 lacu
2202 3460 2391 3519 lutrae
2475 3469 2490 3478 ‘

206 3566 361 3627 sunt,
386 3566 450 3614 et
469 3564 722 3626 castores,
743 3564 805 3614 et
829 3553 958 3622 alim
978 3539 1259 3632 quadrato
1284 3555 1476 3614 fronte
1497 3555 1668 3624 ferae,
1679 3571 1916 3633 quarum
1937 3553 2118 3632 pelles
2141 3553 2386 3648 penulis

205 3657 627 3730 praetexuntur,
657 3647 900 3710 testiculi
928 3666 1065 3724 vero
1091 3646 1169 3706 ad
1189 3657 1479 3714 uterorum
1507 3645 1858 3712 curationem
1879 3656 2016 3711 sunt
2040 3643 2234 3708 atilae.

286 3747 317 3802 l
330 3747 427 3802 10.
470 3741 567 3808 De
594 3740 928 3802 sauromatis
956 3741 1081 3799 haec
1109 3740 1261 3806 fama
1289 3751 1414 3800 eat:
1447 3740 1778 3818 Postquam
1808 3738 2004 3799 Graeci
2031 3758 2162 3801 cum
2182 3740 2392 3822 Ama-

206 3834 449 3893 zonibus
494 3843 839 3912 pugnarunt,
866 3821 1221 3910 (Amazonas
1248 3842 1445 3891 autem
1489 3829 1723 3910 Scythae
1765 3830 2028 3913 Oiorpata
2052 3830 2388 3914 nominant,

206 3913 365 4005 quod
401 3925 747 3984 vocabulum
787 3924 999 3984 Graeco
1022 3942 1288 3984 sermone
1314 3923 1568 3990 ὀἰνὶοἰάω
1593 3921 1918 4000 significat:
1959 3923 2074 3984 oim-
2110 3921 2264 3982 enim
2288 3923 2368 3980 vi·

202 4037 325 4090 mm
353 4015 589 4084 dicunt·
626 4025 763 4092 pata
807 4035 961 4086 vere,
1008 4016 1289 4092 occidere.)
1330 4026 1470 4076 tunc
1515 4015 1688 4093 igitur
1727 4015 1924 4076 Graeci
1973 4014 2366 4093 perhibentur,

202 4107 443 4170 victoria
456 4109 623 4186 apud
651 4101 1137 4218 Thermodontem
1164 4107 1363 4180 relata,
1402 4107 1598 4168 tribus
1609 4106 1848 4168 navibus
1883 4103 2116 4172 domum
2157 4106 2377 4194 repeti-

202 4199 351 4269 isse3
392 4210 485 4279 tot
498 4202 869 4272 Amazonas,
894 4211 1035 4280 quot
1058 4221 1221 4264 vivas
1240 4219 1452 4281 capere
1476 4209 1806 4280 potuerant,
1827 4217 2028 4259 secum
2063 4189 2366 4258 vehentes.

204 4295 293 4352 At
312 4291 478 4350 illas·
460 4309 521 4350 ιιι
546 4295 739 4359 medio
766 4294 906 4354 mari
932 4294 1201 4354 invasisse
1228 4294 1395 4365 viros,
1423 4303 1776 4374 cunctosque
1781 4289 2175 4354 *intel-fecisse.
2219 4291 2365 4350 Eas-

118 4396 133 4410 ·
202 4385 335 4472 dem
362 4403 525 4460 vero,
544 4405 721 4465 quum
746 4386 1052 4480 navigandi
1080 4399 1274 4473 essent
1299 4384 1594 4466 imperitoe,
1621 4397 1680 4454 et
1707 4403 1826 4466 nec
1843 4383 2364 4465 gubernaculorum
