2817 4792
474 311 594 374 210
1058 305 1504 396 nsnonoss
1549 291 1888 369 msro‘n.
1932 307 2040 369 1v.

470 437 643 516 liuius
669 435 862 518 pelagi
902 447 1149 518 quatuor
1186 437 1373 498 stadia
1408 447 1572 517 patet
1609 437 1666 496 in
1708 437 2106 499 latitudinem
2147 436 2447 518 longitudo
2476 437 2600 509 ottik

470 531 704 603 collum,
728 531 885 610 quod
924 531 1213 611 Bosporus
1241 541 1496 602 vocatur,
1522 529 1580 590 in
1619 549 1734 609 quo
1767 532 2005 608 junctus
2043 541 2194 609 pons
2233 541 2386 601 erat..
2405 542 2600 616 centum

466 631 539 700 ,et
572 621 789 701 ‚viginti
816 621 1131 692 stadiorum
1170 633 1296 684 est:
1349 622 1712 703 pertinetque
1755 621 2046 701 Bosporus
2083 621 2162 681 ad
2203 621 2600 701 Propontidem.

466 713 780 794 Propontis
824 733 981 785 vero,
1026 713 1355 793 quindecim
1400 714 1588 775 stadia
1623 725 1826 794 patens
1867 714 1926 772 in
1965 712 2346 785 latitudinem,
2383 723 2442 772 et
2473 711 2602 770 mille

466 805 893 886 quadringenta
908 805 967 864 in
984 804 1420 884 longitudinem,
1436 806 1493 865 in
1513 806 1954 887 Hellespontum
1973 805 2164 864 influit
2183 828 2198 843 ·
2183 809 2380 879 ,cujus
2395 802 2602 874 latitudo

466 907 702 976 septem
740 896 924 968 stadia
948 897 1215 967 metitur-3
1250 897 1553 976 longitudo
1578 917 1717 958 vero
1743 896 2168 977 quadringenta
2191 894 2396 956 stadia.
2435 891 2601 953 lnfluit

402 1065 407 1070 ,
470 999 673 1072 autem
712 988 1169 1066 Hellespontus
1154 1007 1213 1048 ιιι
1252 1007 1413 1051 mare
1439 989 1695 1068 apertius
1728 989 1863 1060 hoc,
1891 987 2048 1067 quod
2087 987 2358 1066 AEgoeum
2381 995 2603 1045 vocatur.

468 1131 477 1138 .
554 1084 658 1154 86.
696 1078 981 1168 Dimensa
998 1088 1195 1138 autem
1220 1079 1329 1139 ista
1352 1090 1492 1146 sunt
1516 1081 1632 1142 hoc
1657 1079 1851 1140 modo.
1932 1079 2111 1140 Navis
2137 1078 2380 1157 longiori
2421 1077 2506 1136 die
2527 1095 2606 1134 na·

472 1169 674 1278 vigans
698 1169 931 1243 conficit
977 1170 1317 1248 plerumque
1344 1189 1558 1249 orgyas
1581 1171 1696 1234 fert
1735 1165 2068 1251 septuagies
2095 1170 2272 1242 mille,
2301 1183 2477 1229 noctu
2497 1185 2609 1226 vero

472 1261 758 1342 sexagies.
800 1261 908 1334 Est
935 1272 1128 1334 autem
1153 1281 1190 1322 a
1215 1262 1389 1322 Ponti
1408 1263 1628 1326 orificio
1656 1281 1837 1342 usque
1863 1263 1940 1324 ad
1957 1263 2180 1335 ,Phasin
2209 1259 2611 1340 (quamnim

472 1352 779 1432 longitudo
804 1351 977 1431 hujus
1018 1352 1211 1428 maris)
1250 1371 1460 1416 novem
1485 1355 1708 1434 dierum
1736 1366 1986 1434 octoque
2009 1353 2269 1414 noctium
2315 1351 2609 1430 naviffltio:

474 1445 633 1522 ¹unde
658 1444 913 1526 confiunt
940 1455 1175 1505 centum
1194 1455 1257 1506 et
1282 1446 1555 1506 undecim
1596 1447 1886 1528 myriades
1915 1437 2258 1526 orgyarum3
2297 1465 2414 1524 quo
2439 1464 2506 1506 ex
2521 1463 2612 1503 nu-

476 1553 638 1612 mero
662 1555 970 1616 orgyarum
991 1537 1359 1616 ,colliguntur
1396 1539 1586 1600 stadia
1616 1539 1892 1600 undecies
1931 1540 2091 1600 mille
2115 1549 2176 1599 et
2212 1549 2464 1600 centum.
2534 1536 2614 1596 Ad

475 1627 916 1707 ‚Themiscyrena
954 1647 1113 1700 vero,
1140 1649 1273 1708 quoe
1298 1642 1389 1691 est
1423 1631 1499 1690 ad
1527 1631 2020 1694 Thermodontem
2063 1630 2320 1702 fluvium,
2347 1649 2384 1690 ι
2413 1629 2615 1698 Sindica

475 1720 714 1800 regione
734 1723 871 1801 (qua
898 1731 987 1782 est
1011 1721 1259 1782 maxima
1278 1723 1450 1782 Ponti
1469 1721 1732 1799 latitudo)
1748 1723 1920 1788 trium
1938 1723 2161 1784 dierum
2179 1733 2238 1783 et
2260 1723 2428 1784 unius
2453 1719 2615 1782 noctis

472 1813 763 1893 navigatio
791 1823 920 1874 est:
958 1814 1117 1874 unde
1144 1813 1522 1876 conficiuntur
1549 1815 1781 1894 triginta
1823 1826 1943 1876 tres
1987 1815 2276 1894 myriades
2313 1832 2616 1894 orgyarum,

473 1908 663 1988 stadia
685 1927 823 1968 vero
842 1917 933 1966 ter
959 1906 1113 1968 mille
1140 1919 1203 1968 et
1224 1918 1500 1970 trecenta.
1583 1907 1804 1969 Pontus
1829 1908 2006 1987 igitur
2028 1907 2125 1966 hic
2147 1918 2212 1967 et
2241 1907 2530 1986 Bosporus
2541 1904 2619 1962 ita
2645 1973 2652 1980 p

476 2017 515 2062 a
534 2018 627 2060 me
653 1999 895 2060 dimensi
919 2009 1087 2074 ιιιιιις
1140 2009 1203 2058 et
1228 2019 1317 2072 ea,
1343 2019 1517 2079 quam
1543 1999 1680 2073 dixi,
1708 2019 1910 2062 eorum
1932 2000 2080 2060 ratio
2099 2009 2204 2060 est.
2289 1999 2478 2058 Offert
2497 2015 2618 2056 vero

474 2090 631 2156 idem
660 2091 879 2152 Pontus
906 2091 1081 2152 etiam
1106 2091 1299 2152 lacum
1337 2093 1436 2172 qui
1476 2093 1538 2152 in
1565 2111 1697 2154 eum
1721 2092 1928 2165 influit,
1972 2091 2131 2152 hand
2156 2089 2342 2152 multo
2365 2083 2620 2180 minorem

475 2181 623 2262 ipso.
704 2182 927 2242 Moeotis
941 2183 1103 2258 palus
1130 2195 1369 2244 vocatur
1394 2184 1445 2244 is
1472 2185 1655 2256 lacus,
1681 2194 1745 2244 et
1769 2181 1964 2244 Mater
1979 2183 2164 2243 Ponti.

484 2334 489 2352 Ι
552 2275 653 2353 87,
696 2273 1006 2380 Postquam
1037 2271 1285 2332 Pontum
1314 2257 1758 2355 contemplatus
1785 2285 1875 2336 est
1913 2274 2148 2346 Darius,
2175 2284 2330 2340 retro
2355 2268 2622 2360 navigavit

475 2365 553 2426 ad
572 2373 821 2443 pontem3
848 2365 1010 2443 cujus
1036 2364 1387 2438 architectus
1408 2366 1519 2426 fuit
1540 2366 1914 2439 Mandrocles
1945 2366 2187 2440 Samius.
2225 2366 2463 2426 Deinde
2483 2372 2622 2444 post·
2703 2412 2716 2433 ,

478 2475 653 2538 quam
680 2455 1009 2535 Bosporum
1032 2457 1202 2530 etiam
1228 2459 1530 2538 spectavit,
1553 2459 1746 2540 duas
1730 2478 1790 2518 m
1814 2459 1936 2538 ipsa
1961 2477 2063 2518 ora
2086 2460 2214 2537 ejus
2241 2459 2508 2518 colam
2531 2475 2621 2537 po-

475 2546 591 2609 suit
628 2547 873 2622 candido
910 2567 991 2608 ex
1009 2543 1241 2628 lapide,
1268 2551 1477 2629 quibus
1515 2550 1696 2612 incisa
1735 2561 1914 2622 erant,
1943 2549 2108 2613 alteri
2149 2549 2398 2631 Assyriis·
2441 2549 2622 2618 literis,

474 2619 643 2714 alteri
670 2641 919 2714 Graecis,
942 2641 1295 2750 populorum
1332 2643 1587 2703 omnium
1631 2645 1864 2722 nomina
1887 2662 2034 2724 quos
2061 2643 2353 2704 ducebat.
2393 2629 2626 2730 ducebat

476 2743 673 2810 autem
698 2753 932 2820 omnes,
960 2735 1059 2814 qui
1097 2734 1336 2814 imperio
1366 2735 1542 2815 ipsius
1583 2745 1748 2805 erant
1769 2734 2046 2810 subjecti.
2111 2733 2424 2796 Numerus
2448 2743 2626 2805 autem

478 2825 785 2898 hominum
794 2837 943 2906 erat,
973 2827 1233 2907 exceptis
1261 2827 1579 2900 classiariis,
1607 2827 1976 2906 septingenta
2001 2825 2180 2886 millia
2199 2846 2318 2886 una
2333 2846 2465 2887 cum
2481 2823 2626 2908 equi·

479 2899 673 2996 tibus.
714 2937 893 2997 naves
920 2919 1113 2979 aut'em
1144 2919 1409 2980 collectae
1437 2931 1600 2980 erant
1623 2929 1936 2986 sexcentoe.
2017 2918 2330 2980 Columnas
2355 2920 2490 2979 istas
2496 2925 2628 3006 post

480 3011 545 3099 id
578 3015 819 3092 ternpus
835 3011 1146 3092 Byzantii‘
1132 3031 1189 3070 ιιι
1217 3013 1433 3072 urbem
1453 3031 1617 3074 suam
1642 2991 2124 3092 transportatum,
2155 3011 2357 3091 eique
2392 3011 2479 3071 usi
2507 3017 2628 3084 sunt

479 3083 558 3165 ad
573 3123 733 3165 aram
754 3104 961 3164 Dianae
979 3102 1289 3175 Orthosiae,
1311 3123 1430 3182 uno
1446 3104 1638 3186 lapide
1655 3113 1928 3182 excepto,
1954 3102 2055 3182 qui
2066 3103 2242 3180 jux'ta
2262 3103 2482 3163 Bacchi
2499 3090 2628 3161 tem-

480 3193 639 3276 plum
656 3207 851 3276 prope
866 3196 1210 3275 Byzantium
1230 3175 1467 3256 relictus
1487 3207 1620 3269 est,
1625 3195 1879 3276 Assyriis
1902 3193 2084 3274 literis
2097 3195 2414 3274 oppletus..
2465 3194 2626 3252 Locus

479 3297 675 3364 autem
698 3287 959 3366 Bospori,
974 3307 1126 3364 quem
1146 3297 1309 3364 ponte
1316 3290 1518 3367 junxit
1534 3287 1766 3358 Darius,
1789 3296 1855 3362 ut
1881 3285 2026 3348 mihi,
2035 3285 2267 3364 quidem
2289 3281 2630 3364 conjectanti

444 3367 451 3380 ⁸
481 3379 727 3460 yidetixr,
755 3379 977 3455 medius
1004 3390 1093 3438 est
1120 3380 1267 3440 inter
1295 3381 1637 3460 Byzantium
1675 3390 1736 3439 et
1763 3379 2058 3459 templum.
2082 3378 2240 3458 quod
2260 3378 2338 3438 ad
2363 3378 2588 3439 ostium.

489 3541 495 3548 ι
560 3475 659 3530 88.
701 3471 933 3540 Deinde
952 3470 1181 3548 gavisus
1208 3483 1383 3551 ponte
1411 3470 1645 3542 Darius,
1671 3469 2048 3532 architectum
2067 3470 2216 3530 illius
2233 3469 2628 3533 Mandroclem

485 3564 738 3624 Samium
764 3563 997 3622 donavit
1018 3563 1177 3624 denis
1216 3568 1389 3626 rebus
1417 3555 1710 3634 omnibus:
1753 3564 1954 3642 quibus
1995 3561 2070 3620 de
2109 3563 2439 3623 muneribus
2467 3564 2628 3642 Man-

485 3637 733 3737 drocleS,
732 3655 1129 3746 primitiarum
1170 3657 1423 3726 nomine,
1455 3657 1513 3730 in
1551 3658 1592 3716 J
1597 3675 1799 3716 unoms
1839 3655 2056 3733 templo
2095 3655 2382 3734 picturam
2407 3653 2629 3733 dedica-

482 3750 583 3817 vit,
612 3749 671 3805 in
697 3769 813 3827 qua
849 3759 1005 3808 totus
1032 3768 1193 3826 pons,
1221 3759 1280 3806 et
1321 3769 1424 3806 rex
1461 3748 1518 3805 in
1559 3748 1704 3806 solio
1743 3745 2077 3824 praesidens,
2105 3757 2187 3808 et.
2201 3747 2495 3806 universus
2531 3763 2628 3804 ex·

483 3841 696 3922 ercitus
736 3851 993 3920 pontem
1006 3840 1301 3912 transiens,
1314 3839 1519 3916 omnia
1557 3838 1682 3898 hese
1693 3838 2010 3920 descripta
2047 3849 2238 3910 erant,·
2226 3829 2517 3920 subjecta
2550 3836 2627 3893 in·

483 3933 787 4014 scriptione
811 3933 1167 4009 hujusmodi:
1551 4012 1558 4020 ι

988 4050 1224 4100 rimosum
1248 4049 1509 4111 Bosporum
1527 4049 1606 4110 qui
1625 4046 1778 4110 junxit
1799 4048 2090 4094 Mandu-ucles
2207 4097 2214 4104 ,

1016 4183 1025 4192 .
1113 4125 1284 4188 lunoni
1302 4125 1542 4174 dedicavit
1563 4117 1715 4186 pontis
1737 4133 2103 4183 monumentnm5

986 4203 1207 4252 Coronam
1230 4203 1334 4257 sibi,
1356 4199 1524 4250 Samiis
1542 4200 1731 4263 gloriam
1747 4214 2015 4262 comparans

986 4275 991 4280 ’
1113 4280 1269 4340 Opere
1291 4294 1352 4324 ex
1378 4277 1529 4338 Regis
1543 4283 1692 4323 mente
1707 4277 1930 4338 perfecto.

294 4413 309 4428 ·
370 4461 380 4467 ᾖ
484 4383 621 4470 Hoc
640 4385 749 4445 suit
772 4392 1198 4470 monumentum
1224 4364 1389 4466 hujus
1408 4378 1533 4452 viri,
1563 4378 1656 4458 qui
1684 4386 1920 4458 pontem
1943 4377 2106 4466 illum
2124 4381 2413 4458 junxerat.
2469 4435 2476 4442 ,
