2817 4792
992 319 1544 426 „POLYMNIA
1654 403 1662 410 ,
1801 403 1812 410 ,
2005 401 2008 406 ¹
2265 323 2396 412 sss

180 469 369 512 nunc
416 451 687 512 Crossaea
718 429 976 512 vocatur.
1060 450 1159 520 Ab
1192 450 1445 527 AEne'a,
1430 473 1512 510 m
1505 469 1632 530 qua
1657 401 1831 512 finem
1869 447 2394 512 enumerandorum

186 543 560 624 oppidorum
600 541 739 614 feci,
770 537 892 620 jam
922 543 981 600 in
1008 541 1193 622 ipsum
1226 531 1562 612 Thermarum
1581 545 1784 622 sinum,
1811 555 1876 604 et
1912 544 1994 602 in·
2009 553 2222 602 terram
2249 537 2390 618 My-

186 635 491 718 gdoniam
517 632 806 714 navigavit
830 637 1062 708 classis,
1092 627 1468 725 pervenitque
1508 638 1584 698 ad
1621 637 1980 716 praedictam
1977 637 2180 695 urbem
2207 631 2392 692 Ther-

192 749 393 800 mam,
424 740 483 788 et
522 729 761 788 Sindum
802 738 861 787 et
903 710 1259 790 Chalestrani
1298 730 1595 810 oppidum,
1620 729 1696 789 ad
1721 729 1936 808 Axium
1975 727 2248 796 fluvium;
2291 717 2397 814 qui

190 807 611 902 Mygdoniam
640 840 676 880 a
696 821 1003 881 Bottioeide
1020 822 1394 909 disterminat,
1415 825 1580 902 quus
1607 821 1666 882 in
1681 821 1931 902 regionis
1955 831 2119 880 arcto
2133 817 2212 878 ad
2227 833 2392 883 mare

202 916 411 994 spatio
439 913 652 992 oppida
678 923 812 973 sunt
838 912 1039 972 Ichnae
1061 925 1121 1000 et
1150 901 1332 984 Pella.

301 1007 443 1067 124.
490 1005 694 1066 Classis
720 1005 895 1084 igitur
920 1006 1001 1093 ibi
1028 993 1188 1093 circa
1212 991 1426 1068 Axium
1451 993 1702 1068 fluvium
1729 1019 1791 1068 et
1833 1005 2144 1068 Thermam
2181 1005 2389 1062 urbem

206 1097 503 1176 aliaque
488 1118 547 1156 m
586 1097 779 1158 medio
807 1097 917 1158 sita
953 1097 1202 1181 oppida
1188 1119 1247 1158 ιιι
1272 1099 1518 1160 statione
1545 1101 1772 1174 mansit,
1799 1119 2004 1181 regern
2025 1103 2390 1178 exspectans.

210 1177 454 1270 Xerxes
494 1209 631 1250 xero
660 1201 721 1250 et
760 1191 1037 1250 terrestris
1076 1193 1359 1268 exercitus,
1385 1211 1464 1257 ex
1491 1176 1764 1256 Acantho
1791 1192 2108 1272 profectus,
2136 1207 2244 1268 per
2268 1203 2392 1244 me-

211 1281 551 1346 ditet-tanea
591 1283 804 1362 carpsit
836 1283 1013 1354 viam,
1037 1271 1345 1362 Ther-mam
1372 1285 1638 1357 tendens.
1719 1271 1885 1346 Fecit
1919 1294 2112 1346 autem
2150 1281 2262 1340 iter
2287 1274 2394 1383 per

214 1374 559 1436 Paeonicam
586 1385 797 1434 terram
826 1387 885 1436 et
912 1395 1015 1456 per
1036 1359 1442 1464 Crestonicam
1463 1369 1540 1441 a'd
1565 1377 1800 1438 fluvium
1819 1356 2211 1445 Echedorum,
2231 1368 2328 1450 qui
2359 1363 2395 1426 ό

218 1465 581 1526 Crestonaeis
615 1459 777 1529 initio
812 1479 999 1528 sumto
1036 1457 1165 1556 per
1186 1469 1571 1556 Mygdoniam
1611 1469 1759 1541 fluit,
1803 1463 1866 1528 et
1890 1472 2063 1544 juxta
2103 1464 2394 1546 paludem,

218 1577 363 1634 quae
390 1569 481 1618 est
496 1579 671 1642 supra
696 1559 930 1630 Axium,
956 1559 1031 1620 in
1024 1560 1229 1621 sinum
1244 1560 1405 1638 illum
1425 1581 1602 1644 aquas
1627 1581 1766 1630 suas
1783 1549 2052 1624 infundit.

320 1643 457 1712 125.
499 1653 635 1712 Hac
677 1652 814 1710 dum
854 1651 960 1710 iter
996 1633 1136 1712 fecit
1164 1653 1454 1724 Xerxes,
1441 1674 1500 1712 m
1525 1647 1776 1714 camelos
1807 1650 2226 1736 impedimenta
2261 1665 2404 1726 por-

124 1739 137 1748 *
223 1757 421 1806 tantes
449 1744 725 1824 impetum
750 1735 945 1805 fecere
973 1745 1161 1804 leones.
1242 1744 1327 1804 Hi
1346 1745 1500 1810 enim
1517 1737 1696 1812 noctu
1723 1765 1759 1804 ε
1787 1743 2078 1806 consuetis
2103 1743 2218 1803 suis
2237 1738 2395 1800 sedi-

220 1842 341 1898 bus
370 1835 808 1916 descendentes,
835 1836 993 1896 nullo
1032 1835 1143 1920 alio
1174 1856 1371 1922 neque
1400 1842 1676 1922 jumento
1705 1847 1887 1908 tacto,
1915 1855 2103 1916 neque
2142 1830 2394 1902 homine,

226 1931 385 1992 solas
414 1929 792 2008 corripiebant
822 1930 1091 1990 camelos.
1172 1930 1353 2016 Atqui
1380 1929 1571 2000 mirari
1613 1930 1786 2001 subit,
1807 1929 1957 2010 quid
1983 1947 2198 1988 caussae
2222 1925 2401 1990 fuerit

227 2024 394 2102 quod
421 2024 619 2084 leones
649 2023 1037 2102 compelleret,
1064 2033 1149 2093 ut,
1175 2022 1403 2082 intactis
1431 2022 1554 2082 aliis
1577 2023 1856 2094 omnibus,
1884 2022 2018 2082 solis
2044 2019 2324 2082 camelis
2307 2038 2397 2076 ιιι-

228 2115 597 2186 sidiarentur,
618 2134 789 2194 quum
812 2133 1121 2204 numquam
1136 2115 1241 2173 vel
1270 2114 1546 2174 vidissent
1573 2113 1684 2174 hoc
1708 2113 1937 2187 animal,
1957 2115 2054 2174 vel
2079 2111 2400 2197 periculum

234 2211 366 2286 eJus
386 2199 681 2269 fecissent.

316 2305 451 2361 126.
496 2299 642 2358 Sunt
679 2272 873 2360 autem
916 2299 979 2358 in
1019 2289 1128 2361 his
1148 2299 1479 2384 regionibus
1521 2299 1852 2379 frequentes
1895 2301 2086 2370 leoneS,
2124 2309 2183 2358 et
2221 2299 2402 2357 boves

230 2394 373 2453 item
413 2393 735 2480 sylvestreS,
776 2375 1014 2474 quorum
1044 2411 1262 2480 cornua
1290 2391 1526 2464 immani
1548 2404 1684 2454 sunt
1709 2392 2140 2472 magnitudine3
2187 2411 2317 2470 quae
2341 2389 2406 2451 iu
2491 2460 2497 2472 Ι

234 2484 523 2546 Graeciam
574 2485 759 2544 solent
804 2483 1123 2566 importari.
1198 2467 1501 2546 Terminus
1551 2470 1745 2547 autem
1787 2487 2020 2544 leonibus
2053 2495 2142 2550 est
2181 2484 2404 2543 Nestus

229 2578 439 2638 fluvius
464 2597 570 2658 per
588 2577 823 2636 Abdera
848 2576 1053 2648 finem,
1081 2586 1142 2638 et
1162 2563 1544 2660 Acarnaniam
1563 2578 1852 2656 perfluens
1875 2577 2192 2640 Achelous.
2247 2577 2408 2636 Nam

234 2689 347 2730 nec
373 2670 651 2730 orientem
680 2687 877 2730 versus
917 2667 1075 2728 ulla
1058 2689 1119 2727 ιιι
1145 2679 1311 2748 parte
1338 2669 1635 2731 anterioris
1663 2669 1917 2748 Europae
1943 2655 2174 2738 leonem
2201 2668 2406 2746 aliquis

222 2753 448 2833 rideat,
490 2781 601 2822 nec
642 2763 717 2820 ab
750 2753 1045 2847 occidente
1081 2760 1380 2822 Acheloi
1366 2783 1426 2820 ιιι
1465 2762 1686 2839 reliqua
1711 2761 2072 2831 continente3
2122 2761 2228 2820 sed
2253 2760 2406 2818 inter

238 2854 384 2914 duos
410 2854 547 2916 istos
574 2852 775 2914 fluvios
797 2853 995 2913 leones
1022 2854 1355 2932 gignuntur.
1998 2875 2003 2879 ·

319 2951 453 3012 127.
498 2935 805 3006 Thermain
838 2957 904 3004 ut
953 2945 1177 3004 Xerxes
1208 2945 1490 3023 pervenit,
1531 2946 1784 3007 substitit
1824 2947 1903 3007 ibi
1945 2966 2079 3006 cum
2119 2947 2408 3014 exercitu.

238 3038 593 3100 Obtinebant
622 3047 811 3098 autem
852 3047 1043 3097 castra
1082 3037 1368 3096 exercitus
1408 3047 1591 3104 totam
1620 3058 1781 3098 oram
1815 3039 2176 3124 maritimam,
2201 3038 2340 3118 inde
2369 3059 2407 3098 a

237 3131 490 3191 Therma
529 3132 671 3190 urbe
701 3140 762 3188 et
789 3140 943 3192 terra
970 3128 1297 3208 Mygdonia
1333 3137 1516 3208 usque
1545 3129 1624 3190 ad
1653 3129 1903 3212 Lydiam
1929 3130 2164 3190 fluvium
2191 3140 2251 3189 et
2276 3131 2406 3190 Ha-

232 3225 595 3294 liacmonem,
636 3223 734 3303 qui
776 3222 1083 3286 Bottiaeam
1124 3241 1161 3282 a
1202 3222 1560 3294 Macedonia
1597 3222 2056 3294 disterminant,
2039 3243 2100 3280 ιιι
2140 3224 2408 3282 eumdem

234 3317 461 3378 alveum
488 3335 665 3394 aquas
694 3335 825 3374 suas
854 3315 1297 3404 confundentes.
1354 3305 1630 3378 Tantum
1671 3327 1837 3376 terrae
1879 3316 2129 3396 spatium
2161 3336 2414 3396 occupa-

235 3419 368 3468 runt
412 3410 781 3468 barbarorum
822 3399 1027 3482 castra.
1072 3393 1438 3470 Fluviorum
1485 3419 1714 3494 autem,
1747 3429 1894 3490 qnos
1941 3410 2407 3481 commemoravi,

234 3500 389 3560 sol'us
431 3489 786 3580 Echedorus‚
833 3519 868 3558 e
910 3465 1256 3560 Crestoneeis
1296 3485 1500 3628 fluens,
1543 3502 1620 3560 ad
1659 3485 1974 3580 potandum
2020 3521 2140 3564 non
2186 3502 2412 3563 suffecit

237 3591 537 3663 exercitui,
568 3592 675 3650 sed
698 3611 849 3680 aqua
873 3591 1035 3650 illum
1061 3591 1340 3674 destituit.

320 3689 452 3746 128.
494 3680 719 3746 Xerxes
754 3704 892 3746 vero
934 3703 1009 3744 ex
1050 3667 1307 3756 Therma
1342 3667 1716 3794 prospectans
1745 3643 2110 3758 Thessalicos
2158 3699 2410 3762 montes,

188 3807 192 3814 ·
237 3775 550 3882 Olympum
580 3787 754 3855 atque
785 3775 1014 3848 Ossam,
1044 3775 1345 3841 altitudine
1370 3777 1576 3840 mirum
1613 3780 1674 3838 in
1711 3781 1942 3843 modum
1980 3781 2315 3852 eminentes,
2347 3791 2414 3840 ut

232 3863 462 3928 rescivit
498 3869 554 3928 in
592 3869 787 3928 medio
824 3868 1063 3930 illorum
1078 3880 1394 3948 ¹angustam
1423 3890 1552 3957 esse
1579 3873 1920 3952 convallem,
1943 3893 2114 3958 quam
2161 3871 2415 3956 perfluat

236 3949 465 4022 Peneus
500 3961 703 4048 amnis,
733 3960 1061 4038 audivitque
1101 3980 1231 4022 esse
1269 3963 1349 4022 ibi
1386 3963 1536 4024 viam
1581 3985 1711 4044 quae
1750 3966 1808 4026 in
1837 3966 2196 4026 Thessaliam
2234 3965 2412 4037 ferat,

210 4052 480 4136 cupidus
505 4053 616 4114 fuit
640 4072 785 4114 nave
807 4067 1123 4113 conscensa
1162 4055 1460 4138 spectandi
1486 4058 1679 4126 ostium
1709 4059 1907 4116 Penei.-
1953 4057 2179 4142 quippe
2201 4058 2404 4136 ductu-

236 4163 334 4204 rus
376 4157 501 4206 erat
550 4145 865 4206 exercitum
904 4142 1197 4237 superiore
1240 4147 1349 4233 vja
1380 4167 1490 4231 per
1519 4135 1920 4240 Macedonas,
1952 4167 2216 4229 superne·
2232 4147 2405 4206 hahis
2483 4155 2486 4160 “
2548 4133 2552 4138 ’

233 4248 434 4309 tantes,
462 4239 521 4297 i'n
536 4228 887 4301 Perrhaebos
914 4247 1125 4318 praeter
1152 4237 1404 4300 Gon'non
1445 4215 1667 4314 urbem,
1695 4261 1886 4320 quum
1895 4240 2237 4300 tutissimum
2265 4239 2404 4300 illac

214 4321 345 4388 ‘iter
387 4343 514 4390 esse
553 4325 899 4390 rescivisset.
983 4330 1069 4389 Et
1086 4329 1236 4390 sicut
1264 4333 1498 4412 cupivit,
1526 4333 1610 4400 ita
1634 4333 1796 4393 fecit.
1881 4332 2214 4393 conscensa
2251 4351 2406 4392 nave

239 4421 487 4498 Sidonia,
530 4443 704 4504 quam
742 4423 1005 4487 eamdem
1051 4442 1279 4504 semper
1320 4425 1711 4487 conscendere
1754 4429 2151 4498 consueverat,
2175 4425 2407 4506 quoties

1204 4523 1243 4578 2
1272 4536 1307 4574 z
