2817 4792
387 315 429 372 2
1000 308 1449 370 HERODOTI
1492 303 1830 368 HISTOR.
1870 305 1925 366 1.

381 436 528 509 sent,
557 435 813 516 rapuisse
840 436 974 497 inde
995 439 1150 516 regis
1163 437 1344 498 filiam
1372 437 1687 508 Medeam:
1719 441 2007 518 quumque
2028 435 2105 496 ad
2122 451 2322 516 poenas
2346 442 2547 512 raptus

380 531 550 606 hujus
574 530 918 608 repetendas
945 541 1008 589 et
1031 530 1108 590 ad
1143 530 1559 609 reposcendam
1599 531 1775 591 filiam
1809 531 2266 592 caduceatorem·
2288 528 2349 586 in
2376 527 2544 586 Grae-

318 660 324 666 -
387 620 538 679 ciam
579 620 826 683 misisset
861 621 1137 692 Colchus,
1178 622 1547 700 respondisse
1590 622 1853 695 Graecos,
1866 622 2317 702 quernadmodmn
2357 619 2440 677 ille·
2481 619 2549 674 de

391 721 559 788 raptu
600 707 827 792 Argivoe
856 713 912 775 I
908 734 970 772 us
1014 713 1116 772 sibi
1165 733 1272 772 non
1317 716 1581 773 deciment
1614 735 1815 791 poenas,
1856 715 1934 773 εξο
1988 735 2053 773 ne
2094 735 2179 772 se·
2196 713 2403 790 quidem
2442 710 2553 769 illis

389 805 634 864 daturos.

470 899 529 956 3.
559 895 710 954 Tum
736 893 970 974 deinde,
985 893 1463 976 proximasetate,
1486 897 1889 958 Alexandrum
1916 896 2130 957 Priami
2148 896 2349 967 filium,
2374 911 2554 972 quum

387 987 504 1046 ista
529 985 857 1059 audivisset,
881 987 1208 1068 cupidinem
1223 986 1525 1050 incessisse
1543 990 1733 1050 uxoris
1750 989 1859 1049 sibi
1880 1008 1915 1049 e
1932 980 2163 1050 Graecia
2180 1005 2283 1066 per
2298 985 2555 1064 rapinam

391 1079 796 1158 comparandae
815 1102 834 1150 ς
861 1078 1286 1140 existimantem
1301 1081 1499 1160 utique
1516 1099 1583 1140 se
1608 1100 1725 1140 non
1745 1081 2011 1140 daturum
2037 1098 2259 1160 poenas,
2285 1078 2558 1156 quoniam

393 1189 507 1229 nec
532 1169 612 1230 illi
638 1169 952 1232 dedissent.
1005 1171 1102 1230 Ita
1120 1190 1297 1251 quum
1319 1171 1370 1231 is
1391 1168 1677 1252 rapuisset
1698 1172 2009 1242 Helenam,
2032 1170 2215 1230 visum
2241 1187 2369 1228 esse
2391 1167 2559 1226 Gree-

393 1260 476 1324 cis
502 1260 744 1340 primum
769 1261 954 1321 missis
979 1263 1204 1322 nunciis
1230 1263 1523 1323 Helenam
1548 1275 1816 1344 repetere
1842 1273 1903 1322 et
1930 1281 2130 1343 poenas
2152 1261 2228 1320 de
2254 1270 2425 1338 raptu
2452 1275 2559 1336 po-

396 1369 602 1416 scere:
639 1352 768 1413 illos
793 1373 930 1414 vero
953 1353 1134 1423 hisce,
1167 1354 1460 1460 postulata
1482 1374 1587 1415 sua
1610 1354 2061 1442 exponentibus,
2100 1363 2327 1431 raptum
2354 1366 2561 1426 expro-

397 1445 597 1504 brasse
624 1444 880 1516 Medeae,
909 1453 974 1504 ut
999 1447 1110 1523 qui,
1149 1467 1307 1524 quum
1331 1448 1438 1523 ipsi
1460 1468 1555 1506 nec
1574 1467 1760 1524 poenas
1788 1437 2074 1516 dedissent,
2100 1465 2195 1504 nec
2225 1444 2377 1500 illam
2407 1459 2560 1518 repo-

397 1531 665 1595 scientibus
690 1533 1061 1610 reddidissent,
1087 1540 1280 1597 vellent
1309 1541 1376 1596 ab
1402 1540 1544 1598 αὲξξε
1550 1555 1743 1644 penus·
1749 1539 1872 1596 sien·-
1884 1538 2027 1598 dari.
2340 1554 2345 1559 '

480 1632 542 1687 4.·
571 1627 926 1707 Hucusque
909 1628 1087 1708 igitur
1107 1631 1322 1690 mutuis
1345 1631 1533 1690 solum
1550 1629 1775 1740 rapinis
1794 1647 1923 1690 esse
1944 1637 2172 1689 actum:
2198 1627 2275 1688 ab
2298 1625 2405 1685 illo
2418 1643 2564 1686 vero

399 1733 665 1800 tempore
689 1722 928 1782 Graec'os
956 1723 1162 1804 utique
1197 1723 1524 1802 graviorum
1558 1723 1893 1801 injuriarum
1928 1719 2217 1780 exstitisse
2256 1727 2565 1788 auctores}

401 1813 508 1872 hos
533 1814 686 1874 enim
707 1813 866 1893 prius
882 1814 1048 1874 Asioe
1053 1816 1307 1892 ‚crepisse
1333 1815 1553 1872 bellum
1578 1805 1808 1883 inferre,
1823 1830 1997 1890 quam
2018 1813 2214 1868 Persae
2239 1809 2569 1869 intulissent

399 1903 674 1982 Europae.
757 1904 838 1960 Et
861 1901 1130 1962 mulieres
1175 1902 1413 1979 quidem
1446 1920 1675 1981 rapere,
1702 1901 1883 1962 videri
1908 1899 2017 1960 sibi
2054 1900 2235 1958 aiunt
2241 1898 2569 1977 iniquorum
2597 1949 2603 1954 .

402 2013 530 2054 esse
551 1994 874 2063 hominum·
899 2003 1226 2071 raptarum
1208 2012 1347 2062 vero
1365 1993 1643 2053 ultionem
1662 2003 1825 2054 tanto
1846 1992 2038 2052 studio
2063 1991 2354 2078 persequi,-
2376 2011 2572 2052 amen-

399 2081 577 2154 'tium3
603 2094 828 2153 contra,
855 2081 1073 2143 nullam
1099 2083 1394 2163 raptarum
1422 2103 1617 2144 curam
1642 2073 1879 2155 habere,
1890 2075 2312 2164 prudentium.
2348 2082 2566 2162 quippe

402 2173 772 2234 manifestum
800 2193 948 2246 esse,
989 2174 1100 2233 nisi
1132 2174 1274 2254 ipsae
1297 2175 1631 2247 voluissent,
1668 2195 1785 2236 non
1808 2175 2072 2235 futurum
2092 2173 2269 2234 fuisse
2304 2183 2371 2232 ut
2403 2193 2569 2252 rape-

402 2279 624 2328 rentur.
679 2267 889 2347 Itaque
915 2285 980 2327 se
1001 2267 1255 2347 quidem,
1268 2269 1483 2328 Asiam
1504 2270 1863 2340 incolentes,
1868 2268 2027 2328 aiunt
2047 2269 2261 2336 Persea,
2282 2277 2581 2344 raptarum

399 2359 710 2418 mulierum
737 2359 952 2419 nullam
987 2357 1258 2418 habuisse
1297 2357 1614 2428 rationem,
1598 2384 1613 2399 ·
1654 2361 1913 2418 Graecos·
1936 2361 2133 2418 autem
2168 2358 2419 2416 mulieris
2453 2358 2574 2416 L'a-

316 2437 327 2446 *
399 2451 628 2509 conicoe
654 2445 858 2510 caussa
883 2449 1182 2529 ingentem
1209 2449 1560 2510 contraxisse
1598 2449 1863 2523 classem,
1906 2451 1969 2509 et
1992 2469 2129 2508 mox
2154 2449 2220 2512 ξπ
2237 2449 2429 2506 Asiam
2448 2469 2585 2525 pro--

389 2543 581 2622 fictos
602 2543 813 2602 Priami
836 2549 1061 2621 regnum
1089 2545 1380 2602 evertisse.-
1409 2544 1487 2603 ab
1514 2563 1587 2603 eo
1610 2550 1869 2623 tempore
1890 2562 1956 2603 se
1976 2551 2305 2602 constanter
2322 2542 2595 2602 Graeciae·

405 2636 647 2715 populos
685 2621 803 2693 sibi
836 2654 964 2695 esse
999 2634 1258 2696 inimicos
1293 2636 1669 2696 existimasse.
1750 2637 1905 2696 Nam
1942 2620 2163 2706 Asiam,
2202 2646 2264 2695 et
2299 2636 2575 2694 barbaras

325 2788 334 2794 ,
407 2738 614 2806 gentes
629 2747 769 2787 eam
809 2726 1152 2796 incolentes,
1165 2728 1256 2786 ad
1282 2747 1345 2788 se
1371 2728 1662 2806 pertinere
1688 2737 1988 2787 autumant
2016 2726 2243 2786 Persae·
2227 2770 2249 2795 ,
2286 2726 2576 2805 Europam
2642 2754 2646 2758 ·

401 2835 548 2878 vero
573 2830 635 2878 et
659 2820 904 2879 Graecos
921 2819 1062 2878 nihil
1081 2838 1292 2879 secum
1305 2839 1611 2879 commune
1638 2820 1876 2880 habere.
2370 2843 2375 2848 ·

483 2917 548 2973 5.
591 2911 857 2971 Hunct'in
881 2911 1344 2972 modum.Persoe
1370 2910 1601 2990 quidem
1634 2922 1829 2990 gestas
1854 2929 1948 2970 res
1974 2928 2104 2970 esse
2132 2921 2491 2982 memorant,·
2512 2922 2575 2969 et

403 3004 482 3064 ab
496 3004 597 3062 ‘Ilii
624 3003 852 3064 excidio
879 3003 1601 3084 repetunt-inimicitiarum
1632 3021 1862 3063 suarum
1888 3003 2161 3062 adversus
2198 3003 2439 3064 Graecos
2470 3004 2577 3062 ini-

406 3094 594 3156 tium.·
655 3095 752 3154 De
780 3095 850 3157 Io
874 3115 1014 3156 vero
1047 3115 1182 3156 cum
1221 3095 1413 3155 Persis
1448 3095 1963 3157 nonconsentiunt
1984 3095 2292 3155 Phoenices
2312 3116 2435 3154 rem
2462 3096 2575 3154 isto

405 3189 587 3268 ⁴modo=
613 3184 744 3248 es'se
769 3199 1014 3267 gestam.
1095 3189 1336 3268 Negant
1360 3188 1512 3248 enim
1538 3208 1604 3248 se
1644 3200 1966 3268 raptu-usos
1992 3188 2148 3250 illam
2174 3187 2235 3244 in
2253 3190 2577 3266 —AEgyptum

408 3275 764 3340 abduxisse:
793 3281 899 3339 sed
921 3280 1100 3359 Argis
1123 3299 1251 3348 eam
1267 3300 1400 3340 cum
1421 3283 1695 3341 nauclero
1715 3281 1873 3341 aiunt
1894 3278 2295 3348 concubuisse,
2316 3290 2377 3337 et
2396 3297 2577 3356 quum

409 3385 480 3432 se
503 3365 802 3451 gravidam
843 3372 1136 3442 sensisset,
1169 3373 1410 3432 veritam
1444 3385 1743 3452 parentum
1772 3373 1947 3442 iram,
1964 3371 2049 3432 sie
2081 3371 2377 3430 volentem
2396 3370 2579 3448 ipsam

397 3447 552 3524 'cum
581 3455 948 3526 Phoenicibus
972 3465 1348 3543 enavigasse,·
1369 3485 1443 3525 ne
1469 3476 1769 3544 comperta
1790 3465 1963 3524 foret.
2044 3464 2197 3523 Haec
2222 3473 2356 3522 sunt
2383 3462 2579 3540 igitur,

413 3577 545 3635 quse
568 3556 779 3636 partim
804 3575 843 3616 a
856 3557 1081 3629 -Persis,
1109 3557 1315 3636 partim
1334 3558 1769 3630 ·a·Phoenicibus
1792 3566 2213 3616 memorantur.·
2262 3556 2395 3634 Ego
2410 3569 2582 3628 vero,

415 3661 607 3725 utrum
633 3649 732 3707 tali
761 3649 934 3708 modo
963 3649 1090 3708 haec
1115 3659 1283 3727 gesta
1307 3650 1443 3720 sint,
1472 3668 1548 3709 an
1576 3649 1709 3719 alio,
1751 3668 1863 3708 ιιοιι
1890 3648 2199 3727 adgredior
2224 3648 2579 3726 disceptare:

411 3734 542 3810 sed,
567 3759 740 3819 quem
755 3740 878 3819 ipse
898 3741 1031 3799 novi
1052 3741 1490 3817 primum—,fuisse
1514 3739 1845 3818 'ivy‘m-iarum
1862 3741 2072 3800 Groecis
2086 3742 2377 3810 inlaturum
2392 3750 2582 3798 aucto-

389 3853 548 3906 ·rcm,
587 3832 744 3894 hunc
770 3834 870 3894 ubi
903 3834 1254 3903 indicavere,
1297 3845 1439 3892 tunc
1474 3833 1553 3892 ad
1591 3834 1813 3913 reliqua
1850 3832 2195 3912 exponenda
2210 3832 2600 3911 progrediar,

409 3925 754 4004 ‘perinde'et⁵
767 3945 1066 4006 parvarum
1089 3925 1382 3986 civitatum
1405 3935 1469 3984 et
1490 3943 1827 4003 magnarum
1838 3945 1943 3986 res
1962 3935 2388 4005 persecuturus.
2439 3923 2583 3994 Ete-

411 4016 540 4076 nim
565 4037 710 4096 quae-
723 4018 860 4078 olim
883 4018 1385 4094 fuerantsmagnae,
1404 4035 1597 4075 earum
1625 4017 1883 4097 plurimae
1908 4015 2297 4095 parvas-factae
2324 4025 2491 4075 sunt:
2520 4025 2586 4074 et

425 4125 564 4188 quae·
594 4107 796 4172 nostra
813 4110 1092 4176 memoria
1129 4127 1356 4187 magnae
1375 4107 1581 4180 fuere,
1622 4109 1843 4169 easdem
1880 4109 2037 4188 prius
2054 4143 2060 4148 -
2076 4108 2303 4186 exiguae
2337 4107 2589 4166 fuerant.

425 4197 652 4282 Itaque,
678 4205 832 4264 bene
862 4221 1072 4281 gnarus
1097 4201 1410 4260 humanam
1436 4200 1769 4261 felicitatem
1796 4213 2159 4280 nequaquam·
2183 4202 2241 4260 in
2264 4199 2473 4260 eodem
2498 4199 2589 4258 fa-

413 4295 598 4372 -stigio
625 4311 878 4366 manere,
905 4293 1146 4372 perinde
1174 4303 1539 4370 utrarumque
1566 4294 1775 4353 faciam
1802 4294 2171 4354 mentionem.

499 4392 566 4448 6.
581 4390 1135 4482 (Jacssuqffgepefe
1163 4386 1398 4486 Ity-dne,
1421 4388 1673 4468 Alyattis
1699 4389 1865 4462 filius,
1886 4406 1986 4450 rex
2011 4389 2121 4450 fuit
2143 4385 2481 4469 populorum
2491 4385 2597 4446 ξιι-
