2817 4792
431 243 573 320 aad·
1044 251 1510 314 asnono‘rr.
1545 240 1886 310 ms‘roa.
1929 249 2039 308 ιν.

431 371 527 448 qui
558 370 773 449 Magos
786 378 1224 450 oppresserant.
1266 368 1327 428 Is
1355 366 1749 446 conjectabat,
1779 365 1944 436 dona,
1956 366 2058 426 illa
2083 363 2212 424 baec
2237 360 2529 442 siguificare
2553 384 2572 423 ι

384 527 393 536 ,
432 469 471 500 “
490 463 619 522 Nisi
644 479 785 522 aves
812 461 973 531 facti,
1005 482 1040 519 o
1067 463 1281 530 Persae,
1311 460 1369 518 in
1395 458 1604 518 coelutn
1633 457 2016 530 evolaveritis,
2037 457 2225 516 autin
2249 475 2432 520 mures
2451 477 2579 516 con--

426 556 579 612 versi
615 553 873 626 subeatis
895 565 1129 624 terram,
1156 563 1257 611 aut
1280 563 1345 610 ut
1386 569 1544 609 ranas
1571 550 1632 608 in
1666 549 1912 629 paludes
1947 549 2278 626 insiliet-itis,
2303 549 2433 608 salvi
2453 550 2572 608 hinc

424 663 546 704 non
582 645 969 716 revertemini,
1010 645 1171 704 hisce
1222 643 1449 722 sagittis
1493 641 1764 702 confixi.”
1845 642 1920 701 In
1962 641 2122 702 hunc
2159 640 2330 720 igitur
2367 643 2571 702 modum

430 737 585 798 dona
609 737 710 796 illa
738 736 933 810 Persae
954 737 1493 814 interpretabantur.

514 835 648 889 133.
690 828 933 888 Interim
959 848 1074 889 una
1099 828 1197 888 illa
1224 828 1576 907 Scytharum
1600 845 1756 905 pars,
1787 824 1883 885 cui
1922 838 2096 886 antea
2123 825 2444 884 mandatum
2465 823 2572 882 fue-

439 932 545 992 rat,
576 932 642 980 ut
684 920 760 980 ad
790 913 1129 980 Maeotidem
1154 920 1424 998 paludem
1469 918 1792 978 custodiam
1835 928 2114 996 agerent,
2142 937 2298 988 nunc
2335 937 2476 988 vero,
2517 926 2574 974 ut

374 1033 403 1052 κ
434 1012 657 1070 Ionibus
684 1014 758 1070 ad
779 1012 993 1070 Istrum
1012 1012 1071 1069 in
1098 1010 1447 1088 colloquium
1468 1011 1750 1081 venirent,
1781 1009 1879 1069 ubi
1908 1011 1984 1068 ad
2005 1019 2244 1088 pontem
2269 1026 2574 1086 pervenere,

432 1105 561 1163 haec
586 1104 663 1163 ad
691 1123 791 1162 eos
820 1105 997 1163 verba
1023 1103 1286 1162 fecerunt
1312 1123 1327 1161 :
1372 1109 1411 1139 “
1441 1103 1569 1160 Viri
1593 1103 1788 1172 Iones,
1812 1103 2074 1162 venimus
2094 1101 2416 1161 libertatem
2437 1099 2579 1158 vobis

433 1197 784 1268 adferentes,
829 1196 880 1254 si
924 1195 1156 1273 quidem
1183 1193 1408 1254 ‘audire
1453 1214 1558 1255 nos
1599 1193 1910 1254 volueritis.
1995 1193 2383 1270 Cognovimus
2427 1191 2576 1260 enim,

432 1289 737 1348 mandasse
776 1288 937 1347 vobis
966 1287 1237 1358 Dar-iurnf
1270 1287 1496 1346 nonnisi
1523 1286 1826 1366 sexaginta
1865 1286 1990 1346 dies
2017 1285 2308 1365 custodire
2349 1293 2578 1362 pontem,

434 1381 638 1458 hisque
659 1380 887 1458 elapsis,
912 1380 961 1440 si
988 1380 1139 1440 intra
1158 1379 1218 1437 id
1234 1389 1464 1458 tempus
1482 1379 1576 1438 ille
1597 1398 1712 1448 non
1732 1376 2007 1449 adfuerit,
2027 1378 2085 1436 in·
2103 1377 2343 1456 patriam
2361 1385 2582 1445 vestram

433 1471 615 1532 abire.
680 1471 855 1532 Nunc
882 1471 1078 1550 igitur,
1108 1471 1156 1530 si
1182 1471 1299 1531 hoc
1326 1472 1488 1551 quod
1511 1471 1672 1530 vobis
1701 1469 1976 1530 edicimus
2001 1469 2270 1541 feceritis,
2299 1479 2466 1554 extra
2477 1467 2581 1528 cul-

434 1582 569 1642 pam
596 1573 659 1623 et
682 1562 837 1642 apud
862 1563 1023 1622 illum
1052 1562 1227 1634 eritis,
1252 1574 1313 1622 et
1331 1562 1491 1642 apud
1515 1581 1626 1622 nos
1648 1561 1765 1622 rad
1793 1561 2163 1623 constitutum
2180 1559 2332 1621 diem
2358 1570 2583 1630 manete,

440 1673 653 1732 eoque
668 1654 866 1734 elapso
913 1655 1212 1715 discedite.
1217 1655 1250 1678 ”
1332 1655 1490 1715 Hoec
1537 1674 1714 1733 quum
1769 1673 1834 1715 se
1877 1653 2128 1716 facturos
2181 1645 2356 1714 Iones
2412 1662 2591 1714 essent

436 1745 693 1825 polliciti,
723 1765 905 1825 ocyus
930 1746 1011 1804 illi
1039 1757 1196 1806 retro
1224 1765 1287 1806 se
1314 1746 1740 1827 proripuerunt.

518 1842 653 1898 134.
698 1837 932 1916 Reliqui
963 1836 1221 1918 Scythae,
1249 1848 1561 1917 postquam
1601 1837 1772 1908 dona,
1799 1858 1929 1917 quoe
1959 1837 2224 1910 diximuS,
2253 1837 2331 1897 ad
2367 1837 2590 1896 Darium

435 1930 725 2004 miserant,
754 1929 1050 1990 instructis
1078 1930 1367 2009 peditibus
1405 1931 1860 2012 equitibusque'
1844 1951 1904 1989 ιιι
1929 1931 2116 1991 aciem
2143 1941 2278 1990 sunt
2303 1930 2586 2010 progressi,

438 2033 728 2101 tamquam
756 2022 1017 2100 praelium
1044 2024 1420 2082 commissuri.
1484 2023 1756 2090 Quibus
1731 2023 1933 2101 jamin
1955 2023 2078 2082 acie
2097 2024 2416 2094 stantibuS,
2433 2043 2594 2103 quum

434 2113 585 2174 forte
626 2112 791 2191 lepus
828 2113 889 2171 in
914 2113 1164 2173 medium
1191 2114 1572 2194 prosiluisset,
1602 2125 1666 2174 ut
1709 2115 1954 2195 quisque
1979 2116 2242 2194 leporem
2288 2116 2588 2194 conspexit,

435 2203 520 2261 ita
554 2221 687 2260 eum
710 2205 984 2288 persequi
1012 2205 1205 2283 coepit.
1290 2205 1562 2266 Tui-batis
1583 2205 1779 2284 itaque
1805 2206 2031 2265 illorum
2055 2205 2368 2276 ordinibus,
2392 2218 2459 2266 et
2480 2215 2594 2266 orto

436 2294 711 2366 clamore,
743 2314 1002 2356 caussam
1044 2295 1253 2356 Darius
1283 2297 1544 2377 quaesivit
1569 2298 1739 2374 hujus
1768 2298 2062 2370 tumultus,
2092 2298 2190 2376 qui
2228 2299 2390 2377 apud
2411 2299 2595 2358 hostes

438 2395 599 2443 ortus
628 2399 799 2446 esset.
844 2390 1007 2454 Quos
1034 2389 1132 2449 ubi
1159 2390 1442 2469 comperit
1466 2391 1726 2469 leporem
1751 2390 2041 2470 persequi,
2066 2389 2217 2451 dixit
2243 2391 2320 2450 ad
2347 2391 2456 2451 hos
2478 2409 2594 2450 cum

401 2479 411 2488 ’
438 2479 643 2558 quibus
669 2491 732 2540 et
755 2481 895 2542 alias
922 2484 1350 2545 communicare
1377 2503 1673 2544 sermones
1698 2495 2107 2544 consueverat:
2160 2492 2200 2522 ‘⁴
2224 2484 2478 2554 Nimium
2500 2504 2594 2547 nos

436 2573 498 2632 hi
524 2573 629 2634 viri
656 2583 1067 2636 contemnunt:
1108 2595 1180 2637 ac
1208 2577 1345 2634 mihi
1364 2596 1518 2635 nunc
1544 2577 1716 2655 plane
1739 2575 1984 2649 videtur,
2015 2577 2090 2636 de
2127 2576 2417 2655 Scythicis
2444 2576 2594 2638 donis

434 2678 601 2728 recte
628 2669 929 2748 Gobryam
944 2668 1255 2744 judicasse.
1338 2669 1634 2735 Quoniam
1661 2668 1836 2748 igitur
1861 2688 1956 2728 me
1983 2687 2218 2748 quoque
2252 2669 2466 2746 judice·
2483 2669 2596 2729 haec

433 2760 514 2822 ita
541 2780 607 2820 se
639 2761 877 2832 habent,
902 2762 1058 2820 bono
1081 2759 1321 2820 consilio
1349 2781 1494 2842 opus
1523 2771 1630 2839 est,
1656 2781 1772 2840 quo
1807 2754 1966 2821 tutus
1992 2760 2156 2838 nobis
2169 2761 2320 2830 ‚hinc
2347 2761 2426 2830 sit,
2447 2781 2598 2824 rece·

432 2852 618 2931 ptus.”
661 2853 764 2912 Ad
788 2854 917 2913 haec
937 2853 1245 2932 Gobryas:
1278 2858 1316 2889 ‘⁸
1341 2853 1499 2925 Rex,
1503 2855 1533 2878 ”
1571 2853 1774 2936 inquit,
1799 2860 1838 2890 “
1852 2852 1986 2912 mibi
2004 2853 2238 2932 quidem
2268 2854 2411 2913 satis
2437 2855 2598 2914 etiam

439 2943 641 3004 auditu
666 2945 899 3023 cognita
945 2955 1071 3006 erat
1112 2945 1320 3005 horum
1360 2943 1656 3004 hominum
1691 2956 2038 3024 paupertas:
2076 2963 2230 3003 nunc
2254 2964 2418 3024 vero,
2449 2957 2599 3026 post-

442 3055 615 3114 quam
642 3035 702 3094 in
729 3055 929 3098 eorum
948 3045 1159 3095 terram
1192 3035 1424 3115 adveni,
1449 3036 1634 3114 magis
1654 3036 1828 3108 etiam
1855 3037 2118 3115 cognovi,
2140 3036 2342 3097 videns
2361 3058 2480 3116 quo
2504 3057 2598 3118 pa·

436 3136 533 3184 cto
552 3145 659 3185 nos
682 3127 933 3186 ludibrio
946 3127 1221 3188 habeant.
1260 3126 1471 3206 Itaque
1497 3126 1638 3185 mihi
1665 3127 1747 3187 sic
1764 3127 2092 3188 faciendum
2119 3129 2382 3190 videtur:
2384 3146 2594 3210 quam-

436 3216 678 3296 primum
705 3236 825 3276 nox
850 3217 1336 3289 aderit,'1ncensis
1359 3218 1590 3296 ignibus
1618 3205 1768 3278 sicut
1793 3219 1936 3278 alias
1957 3219 2155 3281 facere
2184 3221 2600 3293 consuevimus,

440 3308 701 3387 deceptis
722 3310 805 3368 eis
832 3329 911 3370 ex
931 3309 1207 3370 militibus
1227 3311 1323 3388 qui
1340 3310 1418 3370 ad
1434 3311 1766 3371 tolerandos
1786 3312 2014 3372 labores
2033 3313 2200 3373 nimis
2223 3313 2430 3373 infirmi
2455 3324 2598 3384 sunt,

440 3410 503 3460 et
528 3399 792 3477 adligatis
820 3401 989 3461 asinis
1018 3402 1298 3474 omnibus,
1324 3403 1463 3463 hinc
1491 3403 1846 3476 abeundum,
1881 3405 2212 3483 priusquam
2239 3416 2343 3466 aut
2373 3406 2598 3485 Scythae

438 3492 516 3553 ad
536 3492 747 3556 Istrum
764 3502 1009 3571 pergant
1036 3505 1273 3572 pontem
1297 3495 1610 3566 remissuri,
1641 3507 1741 3554 aut
1768 3496 1942 3555 Iones
1979 3496 2153 3556 etiam
2181 3497 2480 3556 consilium
2507 3496 2598 3556 ali-

436 3584 617 3663 quod,
626 3583 801 3662 quod
826 3602 937 3642 nos
957 3585 1181 3663 perdat,
1214 3586 1499 3665 capiant?
1582 3587 1732 3648 Haec
1755 3588 2031 3668 Gobryas
2055 3588 2250 3648 suasit.

524 3679 661 3759 135.
706 3674 959 3746 Deinde,
982 3687 1047 3734 ut
1062 3695 1177 3734 nox
1196 3677 1399 3748 adfuit,
1421 3679 1627 3738 eodem
1647 3681 1883 3739 consilio
1905 3681 2117 3743 Darius
2138 3700 2274 3740 usus
2295 3691 2394 3741 est.
2441 3681 2596 3740 Mor·

439 3767 611 3826 bosos
638 3785 712 3826 ex
735 3767 1030 3843 militibus,
1045 3777 1107 3826 et
1134 3787 1381 3846 quorum
1394 3769 1688 3845 jacturam
1710 3772 1927 3831 minimi
1952 3773 2227 3844 faciebat,
2251 3773 2442 3834 asinos
2468 3773 2597 3833 item

438 3877 642 3918 omnes
668 3857 1003 3938 religatOS,
986 3879 1049 3918 in
1076 3859 1275 3918 castris
1297 3881 1417 3939 quo
1438 3863 1572 3921 loco
1601 3873 1765 3951 erant
1799 3864 2042 3969 reliquit.
2127 3865 2388 3944 Reliquit
2413 3877 2598 3926 autem

438 3961 501 4010 et
524 3950 714 4010 asinos
739 3962 801 4011 et
824 3951 1077 4014 infirmos
1096 3951 1305 4012 milites
1322 3953 1438 4013 hac
1455 3973 1677 4025 caussa,
1708 3966 1776 4015 ut
1798 3955 1941 4015 asini
1969 3955 2282 4018 clamorem
2308 3957 2592 4018 tollerent.

426 4043 701 4107 homines
726 4053 941 4116 autem,
962 4043 1303 4106 infirmitatis
1331 4045 1566 4125 quidem
1589 4064 1793 4106 caussa
1813 4047 2321 4127 relinquebantur;
2343 4050 2450 4108 sed
2473 4067 2594 4150 spe-

437 4135 563 4196 cies
588 4153 795 4214 nempe
815 4123 1307 4216 praetendebatur,
1330 4155 1530 4214 regem
1549 4154 1685 4194 cum
1707 4137 1852 4198 flore
1880 4139 2170 4198 exercitus
2198 4139 2311 4198 de
2296 4139 2595 4219 improviso

438 4227 850 4304 adgressurum
866 4247 995 4296 esse
1020 4227 1285 4308 Scythas,
1314 4239 1375 4288 et
1392 4228 1501 4288 hos
1525 4228 1754 4288 interim
1775 4229 1990 4303 debere
2017 4239 2214 4303 castra
2233 4231 2402 4292 tueri.
2466 4231 2594 4290 Hoc

441 4328 748 4397 postquam
774 4339 874 4386 eos
910 4320 1009 4402 qui
1043 4319 1516 4400 relinquebantur
1551 4320 1774 4382 monuit
1806 4320 2085 4403 Dat-iuss
2067 4323 2320 4384 incensis
2357 4321 2602 4402 ignibus,
