2817 4792
1109 291 1114 298 ’
1161 291 1378 364 CLIO.
1803 307 1809 316 ’
2112 285 2121 298 “
2154 361 2159 370 ,
2268 295 2341 387 ³¹.

197 409 468 492 quoniam
491 414 607 490 hoc
633 411 745 476 'tibi
769 413 1088 490 institutum
1129 431 1232 493 est,
1271 433 1337 480 ut
1371 421 1493 480 viri.
1512 422 1664 500 regis
1699 423 1847 482 bene
1882 421 2039 482 facta
2076 417 2343 500 dictaque

197 507 550 584 exsequaris,
591 520 728 587 pete
766 509 1038 588 quidquid
1071 515 1320 572 muneris
1346 532 1383 572 a
1419 531 1511 571 me
1538 513 1775 574 volueris
1815 514 1872 572 in⁴
1904 513 2209 592 proesentia
2240 513 2367 588 tibi,

200 595 374 655 dari?
417 599 497 656 Et
516 598 652 676 ille·
697 607 737 636 ‘⁴
764 601 1044 672 Domine,
1033 609 1071 638 ⁹⁹
1111 601 1312 681 inquit,
1355 611 1401 640 “
1424 603 1672 662 maxime
1700 615 1922 682 gratum
1958 605 2094 663 mihi
2116 605 2344 674 feceris,

203 687 484 749 si'siieris
518 710 612 750 me
656 692 829 750 deum
867 692 1226 764 Graecorum,
1267 713 1455 772 quem
1478 695 1729 755 maxime
1766 696 2019 754 omnium
2046 705 2349 754 veneratus

192 775 378 850 eram,
402 781 587 841 missis
607 782 762 840 hisce
779 785 1185 862 compedibus
1170 795 1538 862 interrogare,
1536 785 1859 864 Numquid
1878 786 1959 860 illi
1976 787 2063 845 fas
2079 788 2167 858 sit,
2193 789 2346 850 bene

205 869 278 927 de
301 871 430 950 ipso
455 873 690 940 meritos
717 874 1023 952 decipere.
1004 875 1046 916 ’θ’
1031 883 1070 911 ”
1119 877 1413 941 Quaerenti
1440 876 1574 934 dein
1602 877 1773 955 Cyro,
1800 877 1940 954 quid
1964 877 2047 935 rei
2073 888 2241 946 esset,
2270 878 2348 936 de

205 971 320 1046 qua
339 963 530 1034 illum
533 967 805 1024 accus'ans
832 965 983 1025 hanc
1011 984 1048 1023 a
1073 986 1137 1024 se
1166 967 1403 1043 gratiam
1430 977 1680 1046 peteret3
1708 967 1874 1026 altius
1899 977 2161 1046 repetens
2190 969 2347 1038 Croe—

93 1105 97 1110 .
206 1073 312 1124 sus,
345 1055 586 1116 consilia
617 1076 720 1116 sua
739 1056 938 1116 omnia
963 1046 1244 1135 exposuit,
1275 1067 1354 1116 et
1361 1059 1719 1118 oraculorum
1730 1057 2036 1137 ‚respon‘s8,
2074 1059 2347 1119 maxime-

207 1165 314 1224 que
334 1149 575 1207 donaria
595 1148 704 1208 deo
715 1169 763 1208 a
777 1169 840 1208 se
861 1149 1070 1228 dicata,
1093 1164 1152 1208 et
1175 1169 1290 1228 quo
1305 1161 1479 1228 pacto
1498 1151 1819 1210 concitatus
1842 1153 2057 1211 oraculi
2058 1171 2351 1231 responso
2370 1195 2379 1226 2

205 1237 425 1297 beliu‘m·
439 1241 712 1324 adversus
737 1242 944 1300 Persas
969 1242 1332 1320 suscepisset.
1400 1243 1619 1308 Quibus
1646 1245 2122 1314 commemoratis,
2152 1265 2351 1322 rursus

205 1330 278 1390 ad
299 1339 598 1412 preces'se
621 1333 920 1402 convertit,
962 1351 1170 1411 rogans
1205 1331 1271 1391 tit
1311 1333 1418 1392 sibi
1455 1333 1655 1394 liceret
1686 1333 1797 1393 ista
1830 1337 2185 1413 exprobrare·
2212 1337 2351 1396 deo.

210 1419 611 1482 Cui‘adridens
639 1425 844 1504 Cyrus,
883 1431 926 1462 “
948 1425 1028 1483 Et
1053 1425 1222 1495 hoc,’'
1245 1415 1445 1502 iuquit,
1480 1430 1518 1461 ‘⁸
1540 1444 1575 1484 a
1600 1445 1695 1486 me
1720 1426 2068 1504 impetrabis,
2094 1428 2349 1506 et‘quid·

212 1513 340 1591 quid
359 1515 522 1574 aliud
539 1515 866 1594 idemtidem
887 1537 926 1576 a
939 1517 1398 1594 me-rogaveris.”
1438 1516 1551 1576 His
1570 1518 1776 1596 auditis
1797 1518 2025 1580 Croesus
2047 1518 2353 1598 Lydorum

210 1607 512 1666 nonnullos
538 1607 794 1687 Delphos
817 1608 989 1681 misit,
1016 1613 1207 1684 jussos
1234 1608 1437 1686 positis
1458 1609 1533 1666 ad
1556 1609 1752 1687 templi
1776 1609 1949 1668 limen
1978 1611 2351 1689 compedibus

208 1697 511 1770 sciscitaris
527 1699 720 1758 Annon
755 1701 980 1776 puderet
1005 1701 1175 1769 deum,
1201 1701 1342 1776 quod
1365 1699 1570 1756 oraculi
1594 1701 1857 1776 responsis
1883 1702 2167 1766 excitasset
2198 1701 2352 1780 Croe-
2380 1749 2387 1754 .

214 1789 322 1846 sitm
346 1792 422 1849 ad
445 1792 632 1849 bellum
657 1791 846 1850 Persis
869 1789 1232 1872 inffereniium„
1259 1791 1463 1866 injecta
1487 1811 1577 1865 spe
1603 1809 1908 1850 eversurum
1934 1813 2049 1849 eum
2074 1812 2183 1849 esse
2216 1791 2352 1866 Cyri
2384 1859 2391 1866 ,

146 1887 166 1907 ·’
190 1951 197 1954 ,
205 1883 522 1955 potentiam,
561 1885 700 1942 unde
735 1885 872 1942 tales
907 1884 1014 1959 ipsi
1043 1883 1301 1958 primitia·
1337 1882 1627 1939 evenissent
1640 1882 1670 1938 2⁹
1708 1899 1913 1959 nempe
1952 1883 2255 1959 compedes
2292 1883 2355 1960 ei
2386 1935 2393 1944 .

215 1975 612 2054 ostendetent.
641 1977 809 2036 Hoc'
792 1976 968 2076 1gitur
985 1973 1256 2036 sciscitari
1272 1972 1417 2048 jussi
1438 1983 1589 2052 sunt,
1618 1983 1699 2048 et,
1724 1971 1965 2051 numfas
1972 1974 2047 2033 sit
2064 1975 2169 2031 diis
2190 1973 2353 2034 Groes

213 2073 405 2138 corum,
435 2088 545 2125 esse
567 2069 818 2148 ingram.

258 2159 398 2218 91.·
403 2159 610 2248 Lydis
633 2160 769 2219 illuc
806 2161 1094 2239 prosectis,
1121 2161 1188 2222 ae
1213 2161 1480 2220 mandata
1504 2160 1807 2228 exsecutis,
1839 2159 2049 2239 Pythia
2072 2161 2247 2222 fertur
2272 2160 2361 2220 ita

215 2243 634 2329 respondisse:
660 2260 718 2289 “
713 2252 948 2311 S'orte'm
973 2251 1110 2312 fato
1151 2253 1491 2312 destinatam
1532 2251 1785 2329 effugere
1826 2251 1998 2310 etiam
2035 2252 2200 2312 Deus
2239 2272 2359 2312 non

218 2352 420 2430 potest.
511 2343 740 2404 Croesus
774 2354 966 2405 autem
1003 2346 1184 2426 quinti
1219 2339 1497 2424 genitoris
1532 2355 1834 2421 peccatum
1870 2343 2010 2414 luit,
1995 2368 2009 2382 ·
2048 2345 2143 2423 qui
2177 2364 2361 2424 quum
2406 2399 2419 2408 .

222 2433 446 2494 satelles·
463 2435 672 2494 fuisset
694 2436 1152 2522 Heraclidarum,
1177 2433 1441 2512 mulieris
1457 2435 1593 2495 dolo
1614 2436 1940 2509 obsecutus,
1956 2437 2241 2496 interemit
2266 2439 2369 2498 do-
2406 2505 2417 2512 ‚

220 2525 453 2596 minum,
493 2527 755 2626 illiusque
793 2517 1068 2606 dig-nitate
1101 2527 1345 2620 potitus
1363 2539 1473 2598 est,
1512 2527 1651 2584 nihil
1690 2527 1817 2585 ad
1800 2547 1986 2606 ipsum
2018 2529 2371 2606 pertinente.

225 2605 497 2683 Quamvis
517 2617 706 2678 au'tem
727 2619 1012 2680 studuerit
1034 2620 1267 2699 Apollo,
1284 2631 1347 2678 ut
1367 2620 1475 2680 ista
1497 2618 1761 2678 Sardium
1778 2620 2067 2678 calamitas
2080 2620 2371 2682 incideret

226 2709 468 2769 filiorum
493 2707 680 2771 Croesi
705 2722 896 2782 aetate,
938 2732 1055 2771 non
1080 2713 1308 2771 vivente
1341 2711 1473 2790 ipso:
1502 2711 1721 2782 Croeso,
1758 2724 1981 2772 mutate
2020 2725 2215 2772 tamen
2250 2713 2372 2774 fata
2412 2759 2427 2788 ἡ.

227 2820 357 2860 ιιοιι·
371 2801 600 2881 potuit:
641 2805 763 2874 sed,
803 2803 1078 2881 quantum
1118 2803 1215 2861 illa
1254 2802 1655 2884 permiserunt,
1697 2814 1921 2862 tantum
1960 2803 2167 2876 effecit,
2207 2804 2375 2882 eique
2418 2845 2425 2852 -

230 2893 580 2968 gratificatus
607 2904 710 2954 est.
758 2893 917 2954 Nam
945 2895 1122 2953 tribus
1149 2894 1308 2952 annis
1335 2893 1555 2954 distulit
1576 2893 1841 2952 Sardium
1862 2895 2375 2972 expugnationemz
2416 2949 2425 2956 .

231 2995 298 3072 et,
311 2973 425 3044 Ῐιοο
452 2984 602 3044 sciat
629 2981 876 3058 Croesus,
903 2985 1088 3044 tribus
1111 2984 1240 3064 pos't
1287 2985 1467 3054 annis,
1505 3003 1675 3062 quam
1712 2985 1841 3058 sata.
1870 2985 2241 3056 destinarant,
2276 3005 2376 3046 ca·

230 3075 472 3156 pt'um'se
501 3075 649 3136 esse.
731 3073 1004 3136 Secundo
1028 3073 1156 3136 l'oco
1181 3097 1354 3154 quum
1382 3077 1441 3133 in
1470 3095 1541 3134 eo
1569 3086 1721 3137 esset
1748 3087 1810 3135 ut
1834 3077 1974 3153 igne
1996 3087 2401 3158 crematetur„

233 3185 392 3244 opem
423 3168 482 3227 ei
508 3167 657 3227 tulit.
718 3169 868 3228 'Jam
904 3153 1061 3246 duod
1095 3163 1515 3227 ad‘oraculum
1552 3176 1794 3244 spectat,
1834 3167 2117 3227 immerito
2145 3168 2381 3244 Croesus.
2428 3221 2439 3230 ,

234 3257 400 3317 deum
428 3262 684 3320 accusat.
761 3259 1113 3320 Praedixe'rat
1137 3259 1286 3318 enim
1317 3257 1380 3317 ei.
1401 3249 1641 3344 Apollo,
1672 3257 1718 3316 si
1746 3259 1960 3318 bellum
1987 3259 2177 3319 Persis
2201 3260 2379 3320 infer-

235 3356 337 3424 ret,
361 3352 490 3430 fore
519 3363 584 3410 ut
607 3353 808 3430 ingens
835 3361 1118 3411 everteret
1152 3349 1469 3429 imperium.
1540 3349 1769 3409 Croesus
1804 3361 1995 3411 autem
2032 3351 2109 3410 ad
2142 3351 2289 3423 haec,
2310 3351 2381 3426 ‚si

236 3436 389 3518 recte
413 3426 526 3504 sibi
562 3445 860 3504 consulere
886 3445 1179 3512 voluisset,
1219 3443 1499 3502 debuerat
1525 3441 1717 3517 denuo
1751 3443 1977 3502 mittere
2016 3443 2383 3531 sciscitatum,
2434 3497 2442 3506 .

238 3537 502 3606 suumne,
525 3519 599 3596 an
626 3535 806 3616 Cyfri
790 3535 1088 3615 imperium
1119 3535 1324 3594 dixerit
1349 3532 1531 3592 deus?
1596 3533 1782 3612 Igitur
1818 3555 1992 3612 quum
2020 3554 2138 3594 ιιοιι
2160 3534 2381 3610 intelle-

239 3628 392 3686 xe‘nt·
405 3639 763 3706 responsum,
791 3647 902 3686 nec
929 3628 1120 3686 denuo
1149 3613 1452 3704 quaesierit‚
1481 3622 1629 3682 sibi
1612 3625 1723 3703 ipsi
1750 3624 1973 3684 tribuat
1988 3605 2238 3704 culpam.
2282 3624 2382 3682 Ei·-
2438 3689 2445 3696 .

239 3709 366 3776 dem
385 3721 527 3778 vero
549 3718 719 3776 etiam
741 3719 968 3780 tertium
990 3717 1307 3778 consulenti
1334 3715 1629 3793 respondit
1652 3695 1867 3800 Apollo
1890 3735 2103 3793 eaquae
2129 3715 2203 3774 de
2224 3715 2383 3782 mulo
2436 3769 2449 3778 .

239 3809 565 3890 respondit·
606 3819 666 3868 at
689 3808 785 3868 ille
812 3829 887 3868 ne
914 3798 1026 3868 hoc
1055 3808 1287 3888 quidem
1333 3807 1641 3867 intellexit.
1723 3808 1876 3866 Nam
1904 3808 2087 3868 mulus
2104 3807 2230 3878 hic,
2264 3809 2382 3890 Cy-

242 3919 332 3959 rus
354 3912 520 3961 erat.
561 3902 776 3980 quippe
799 3922 876 3961 ex
905 3901 1124 3960 duabus
1153 3901 1388 3961 diversis
1433 3899 1702 3977 gentibus
1726 3909 1900 3970 ortus,
1927 3913 2110 3961 matre
2136 3901 2392 3974 melioris
2446 3967 2451 3974 .

241 3993 607 4064 conditionis„
638 4005 800 4072 patre
827 4014 964 4053 vero
991 3993 1288 4052 inferioris·
1372 3991 1480 4051 Illa
1506 3992 1656 4050 enim
1685 3973 1875 4051 Meda.
1894 4005 2036 4064 etat,
2067 4006 2129 4053 et
2152 3994 2390 4074 quidem¹
2444 4049 2452 4056 .

243 4086 519 4194 Astyagis
543 4086 680 4156 filia,
701 4087 860 4164 regis
888 4087 1239 4145 Medorum:
1273 4085 1370 4144 hic
1396 4103 1539 4142 vero·
1574 4084 1752 4152 Persa
1774 4084 1898 4155 fuit,
1930 4086 2155 4144 illorum
2192 4087 2383 4158 subje
2455 4129 2463 4137 .-

245 4173 364 4238 ctus
397 4179 674 4258 imperim
711 4183 786 4248 εἰ,
819 4197 948 4237 cum
979 4173 1211 4237 inferior
1233 4187 1384 4236 esset
1411 4175 1583 4234 rebus
1612 4175 1889 4249 omnibus,
1920 4177 2205 4235 dominam
2230 4195 2393 4236 suam
2458 4240 2465 4249 ,

241 4267 314 4327 in
334 4271 752 4331 matrimonium
792 4265 998 4329 duxit?
983 4270 1016 4298 ’'
1093 4270 1246 4327 Haec
1295 4249 1479 4346 Lydis
1523 4267 1729 4346 Pythia
1766 4249 2093 4345 respondit3
2132 4286 2271 4345 quae
2305 4265 2425 4336 ini,
2454 4323 2469 4342 t

241 4359 450 4438 sai-des
476 4357 816 4437 tetulerunt,
842 4363 1153 4442 Croesoque
1183 4361 1543 4423 nunciarunt.
1612 4357 1833 4426 Quibus
1858 4358 2093 4438 auditis,
2108 4356 2203 4417 ille
2226 4375 2394 4418 suam
