<?xml version="1.0" encoding="UTF-8"?>
<!DOCTYPE html PUBLIC "-//W3C//DTD XHTML 1.0 Transitional//EN"
    "http://www.w3.org/TR/xhtml1/DTD/xhtml1-transitional.dtd">
<html xmlns="http://www.w3.org/1999/xhtml" xml:lang="en" lang="en">
 <head>
  <title>
</title>
<meta http-equiv="Content-Type" content="text/html;charset=utf-8" />
  <meta name='ocr-system' content='tesseract 3.04.00' />
  <meta name='ocr-capabilities' content='ocr_page ocr_carea ocr_par ocr_line ocrx_word'/>
</head>
<body>
  <div class='ocr_page' id='page_1' title='image "./herodotimussive00wessgoog_0212.png"; bbox 0 0 2817 4792; ppageno 0'>
   <div class='ocr_carea' id='block_1_1' title="bbox 455 247 2025 336">
    <p class='ocr_par' dir='ltr' id='par_1_1' title="bbox 455 247 2025 336">
     <span class='ocr_line' id='line_1_1' title="bbox 455 247 2025 336; baseline -0.006 -16"><span class='ocrx_word' id='word_1_1' title='bbox 455 259 572 320; x_wconf 69' lang='lat'><strong>202</strong></span> <span class='ocrx_word' id='word_1_2' title='bbox 630 317 647 326; x_wconf 86' lang='grc'>,</span> <span class='ocrx_word' id='word_1_3' title='bbox 846 327 853 336; x_wconf 41' lang='grc'><strong>,</strong></span> <span class='ocrx_word' id='word_1_4' title='bbox 1048 250 1492 312; x_wconf 87' lang='lat' dir='ltr'>HERODOTI</span> <span class='ocrx_word' id='word_1_5' title='bbox 1535 249 1865 310; x_wconf 85' lang='lat' dir='ltr'><strong>HISTOR.</strong></span> <span class='ocrx_word' id='word_1_6' title='bbox 1915 247 2025 310; x_wconf 88' lang='lat' dir='ltr'><strong>IV.</strong></span> 
     </span>
    </p>
   </div>
   <div class='ocr_carea' id='block_1_2' title="bbox 436 372 2637 3768">
    <p class='ocr_par' dir='ltr' id='par_1_2' title="bbox 446 372 2580 643">
     <span class='ocr_line' id='line_1_2' title="bbox 458 372 2580 462; baseline -0.005 -20"><span class='ocrx_word' id='word_1_7' title='bbox 458 384 575 462; x_wconf 91' lang='lat' dir='ltr'><strong>qui</strong></span> <span class='ocrx_word' id='word_1_8' title='bbox 584 384 743 442; x_wconf 88' lang='lat' dir='ltr'><strong>locus</strong></span> <span class='ocrx_word' id='word_1_9' title='bbox 768 381 901 460; x_wconf 87' lang='lat' dir='ltr'><strong>ipse</strong></span> <span class='ocrx_word' id='word_1_10' title='bbox 925 379 1217 440; x_wconf 80' lang='lat' dir='ltr'><strong>Gerrhus</strong></span> <span class='ocrx_word' id='word_1_11' title='bbox 1230 379 1571 440; x_wconf 86' lang='lat' dir='ltr'><strong>nominatur.</strong></span> <span class='ocrx_word' id='word_1_12' title='bbox 1651 381 1866 440; x_wconf 87' lang='lat' dir='ltr'><strong>Versus</strong></span> <span class='ocrx_word' id='word_1_13' title='bbox 1892 397 2048 438; x_wconf 83' lang='lat' dir='ltr'><strong>mare</strong></span> <span class='ocrx_word' id='word_1_14' title='bbox 2083 377 2290 454; x_wconf 83' lang='lat' dir='ltr'><strong>fluens,</strong></span> <span class='ocrx_word' id='word_1_15' title='bbox 2331 372 2580 434; x_wconf 82' lang='lat' dir='ltr'><strong>distermi-</strong></span> 
     </span>
     <span class='ocr_line' id='line_1_3' title="bbox 446 449 2572 628; baseline -0.004 -98"><span class='ocrx_word' id='word_1_16' title='bbox 446 486 561 536; x_wconf 83' lang='lat' dir='ltr'><strong>nat</strong></span> <span class='ocrx_word' id='word_1_17' title='bbox 590 473 919 534; x_wconf 81' lang='lat' dir='ltr'><strong>Nomadum</strong></span> <span class='ocrx_word' id='word_1_18' title='bbox 934 472 1259 577; x_wconf 63' lang='lat' dir='ltr'><strong>reg-ionem</strong></span> <span class='ocrx_word' id='word_1_19' title='bbox 1269 490 1304 533; x_wconf 90' lang='lat' dir='ltr'><strong>a</strong></span> <span class='ocrx_word' id='word_1_20' title='bbox 1333 471 1652 628; x_wconf 74' lang='lat' dir='ltr'>Regiorum</span> <span class='ocrx_word' id='word_1_21' title='bbox 1693 449 2034 550; x_wconf 75' lang='lat' dir='ltr'><strong>Scytharum</strong></span> <span class='ocrx_word' id='word_1_22' title='bbox 2077 479 2265 528; x_wconf 85' lang='lat' dir='ltr'><strong>terra:</strong></span> <span class='ocrx_word' id='word_1_23' title='bbox 2305 465 2474 524; x_wconf 87' lang='lat' dir='ltr'><strong>influit</strong></span> <span class='ocrx_word' id='word_1_24' title='bbox 2495 481 2572 522; x_wconf 85' lang='lat' dir='ltr'><strong>au·</strong></span> 
     </span>
     <span class='ocr_line' id='line_1_4' title="bbox 460 547 1059 643; baseline -0.009 -17"><span class='ocrx_word' id='word_1_25' title='bbox 460 580 581 628; x_wconf 89' lang='lat' dir='ltr'><strong>tem</strong></span> <span class='ocrx_word' id='word_1_26' title='bbox 604 567 665 624; x_wconf 89' lang='lat' dir='ltr'><strong>in</strong></span> <span class='ocrx_word' id='word_1_27' title='bbox 694 547 1059 643; x_wconf 69' lang='lat' dir='ltr'><strong>Hypacyiin.</strong></span> 
     </span>
    </p>

    <p class='ocr_par' dir='ltr' id='par_1_3' title="bbox 462 649 2584 1007">
     <span class='ocr_line' id='line_1_5' title="bbox 522 649 2578 732; baseline -0.006 -15.872"><span class='ocrx_word' id='word_1_28' title='bbox 522 657 641 719; x_wconf 86' lang='lat'><strong>57.</strong></span> <span class='ocrx_word' id='word_1_29' title='bbox 684 655 943 714; x_wconf 80' lang='lat' dir='ltr'><strong>Octavus</strong></span> <span class='ocrx_word' id='word_1_30' title='bbox 967 653 1174 712; x_wconf 84' lang='lat' dir='ltr'><strong>fluvius</strong></span> <span class='ocrx_word' id='word_1_31' title='bbox 1207 655 1427 724; x_wconf 74' lang='lat' dir='ltr'><strong>Tanais,</strong></span> <span class='ocrx_word' id='word_1_32' title='bbox 1458 653 1518 712; x_wconf 89' lang='lat' dir='ltr'><strong>in</strong></span> <span class='ocrx_word' id='word_1_33' title='bbox 1545 653 1926 732; x_wconf 87' lang='lat' dir='ltr'><strong>superioribus</strong></span> <span class='ocrx_word' id='word_1_34' title='bbox 1951 649 2278 729; x_wconf 76' lang='lat' dir='ltr'>regionibus</span> <span class='ocrx_word' id='word_1_35' title='bbox 2305 668 2380 706; x_wconf 86' lang='lat' dir='ltr'><strong>ex</strong></span> <span class='ocrx_word' id='word_1_36' title='bbox 2403 662 2578 721; x_wconf 84' lang='lat' dir='ltr'><strong>magno</strong></span> 
     </span>
     <span class='ocr_line' id='line_1_6' title="bbox 462 736 2580 824; baseline -0.006 -18"><span class='ocrx_word' id='word_1_37' title='bbox 462 749 595 808; x_wconf 87' lang='lat' dir='ltr'><strong>lacu</strong></span> <span class='ocrx_word' id='word_1_38' title='bbox 615 759 811 824; x_wconf 85' lang='lat' dir='ltr'><strong>ortus,</strong></span> <span class='ocrx_word' id='word_1_39' title='bbox 837 745 1073 817; x_wconf 79' lang='lat' dir='ltr'><strong>influit</strong></span> <span class='ocrx_word' id='word_1_40' title='bbox 1059 765 1117 804; x_wconf 86' lang='lat' dir='ltr'><strong>m</strong></span> <span class='ocrx_word' id='word_1_41' title='bbox 1144 747 1418 823; x_wconf 84' lang='lat' dir='ltr'><strong>maJorem</strong></span> <span class='ocrx_word' id='word_1_42' title='bbox 1459 746 1652 806; x_wconf 86' lang='lat' dir='ltr'><strong>lacum</strong></span> <span class='ocrx_word' id='word_1_43' title='bbox 1677 746 1776 824; x_wconf 87' lang='lat' dir='ltr'><strong>qui</strong></span> <span class='ocrx_word' id='word_1_44' title='bbox 1805 744 2037 804; x_wconf 81' lang='lat' dir='ltr'><strong>Maeotis</strong></span> <span class='ocrx_word' id='word_1_45' title='bbox 2061 752 2319 810; x_wconf 84' lang='lat' dir='ltr'><strong>vocatur,</strong></span> <span class='ocrx_word' id='word_1_46' title='bbox 2364 737 2472 816; x_wconf 87' lang='lat' dir='ltr'><strong>qui</strong></span> <span class='ocrx_word' id='word_1_47' title='bbox 2485 736 2580 794; x_wconf 87' lang='lat' dir='ltr'><strong>Re·</strong></span> 
     </span>
     <span class='ocr_line' id='line_1_7' title="bbox 462 826 2584 918; baseline -0.007 -20"><span class='ocrx_word' id='word_1_48' title='bbox 462 839 589 918; x_wconf 83' lang='lat' dir='ltr'><strong>gios</strong></span> <span class='ocrx_word' id='word_1_49' title='bbox 618 838 863 918; x_wconf 84' lang='lat' dir='ltr'><strong>Scythas</strong></span> <span class='ocrx_word' id='word_1_50' title='bbox 890 858 927 896; x_wconf 91' lang='lat' dir='ltr'><strong>a</strong></span> <span class='ocrx_word' id='word_1_51' title='bbox 956 837 1313 897; x_wconf 84' lang='lat' dir='ltr'><strong>Sauromatis</strong></span> <span class='ocrx_word' id='word_1_52' title='bbox 1357 836 1574 916; x_wconf 65' lang='lat' dir='ltr'><strong>dividit.</strong></span> <span class='ocrx_word' id='word_1_53' title='bbox 1657 837 1728 894; x_wconf 90' lang='lat' dir='ltr'><strong>In</strong></span> <span class='ocrx_word' id='word_1_54' title='bbox 1775 836 1930 896; x_wconf 89' lang='lat' dir='ltr'><strong>hunc</strong></span> <span class='ocrx_word' id='word_1_55' title='bbox 1980 834 2211 896; x_wconf 77' lang='lat' dir='ltr'><strong>Tanain</strong></span> <span class='ocrx_word' id='word_1_56' title='bbox 2238 845 2388 892; x_wconf 82' lang='lat' dir='ltr'><strong>&#39;vero</strong></span> <span class='ocrx_word' id='word_1_57' title='bbox 2419 826 2584 888; x_wconf 82' lang='lat' dir='ltr'><strong>incidit</strong></span> 
     </span>
     <span class='ocr_line' id='line_1_8' title="bbox 466 931 1595 1007; baseline -0.005 -15"><span class='ocrx_word' id='word_1_58' title='bbox 466 932 608 992; x_wconf 85' lang='lat' dir='ltr'><strong>alius</strong></span> <span class='ocrx_word' id='word_1_59' title='bbox 637 931 863 1000; x_wconf 76' lang='lat' dir='ltr'><strong>fiuviuS,</strong></span> <span class='ocrx_word' id='word_1_60' title='bbox 890 931 984 989; x_wconf 91' lang='lat' dir='ltr'><strong>cui</strong></span> <span class='ocrx_word' id='word_1_61' title='bbox 1006 949 1219 989; x_wconf 88' lang='lat' dir='ltr'><strong>nomen</strong></span> <span class='ocrx_word' id='word_1_62' title='bbox 1244 939 1337 988; x_wconf 86' lang='lat' dir='ltr'><strong>est</strong></span> <span class='ocrx_word' id='word_1_63' title='bbox 1365 931 1595 1007; x_wconf 78' lang='lat' dir='ltr'><strong>Hyrgis.</strong></span> 
     </span>
    </p>

    <p class='ocr_par' dir='ltr' id='par_1_4' title="bbox 464 1014 2586 1376">
     <span class='ocr_line' id='line_1_9' title="bbox 541 1014 2586 1127; baseline -0.006 -43"><span class='ocrx_word' id='word_1_64' title='bbox 541 1028 640 1084; x_wconf 88' lang='grc'><strong>58.</strong></span> <span class='ocrx_word' id='word_1_65' title='bbox 684 1023 771 1081; x_wconf 90' lang='lat' dir='ltr'><strong>Ita</strong></span> <span class='ocrx_word' id='word_1_66' title='bbox 794 1022 969 1099; x_wconf 85' lang='lat' dir='ltr'><strong>igitur</strong></span> <span class='ocrx_word' id='word_1_67' title='bbox 996 1019 1355 1081; x_wconf 79' lang='lat' dir='ltr'><strong>nobilissimis</strong></span> <span class='ocrx_word' id='word_1_68' title='bbox 1397 1021 1580 1080; x_wconf 85' lang='lat' dir='ltr'><strong>fluviis</strong></span> <span class='ocrx_word' id='word_1_69' title='bbox 1607 1021 1869 1092; x_wconf 72' lang='lat' dir='ltr'><strong>instructi</strong></span> <span class='ocrx_word' id='word_1_70' title='bbox 1897 1022 2130 1127; x_wconf 66' lang='lat' dir='ltr'><strong>Scythae</strong></span> <span class='ocrx_word' id='word_1_71' title='bbox 2169 1027 2324 1080; x_wconf 90' lang='lat' dir='ltr'><strong>sunt.</strong></span> <span class='ocrx_word' id='word_1_72' title='bbox 2402 1014 2586 1076; x_wconf 81' lang='lat' dir='ltr'><strong>Herbae</strong></span> 
     </span>
     <span class='ocr_line' id='line_1_10' title="bbox 464 1107 2588 1192; baseline -0.006 -16"><span class='ocrx_word' id='word_1_73' title='bbox 464 1125 677 1184; x_wconf 86' lang='lat' dir='ltr'><strong>autem,</strong></span> <span class='ocrx_word' id='word_1_74' title='bbox 718 1133 851 1192; x_wconf 83' lang='lat' dir='ltr'><strong>quae</strong></span> <span class='ocrx_word' id='word_1_75' title='bbox 886 1113 947 1171; x_wconf 89' lang='lat' dir='ltr'><strong>in</strong></span> <span class='ocrx_word' id='word_1_76' title='bbox 970 1112 1243 1192; x_wconf 83' lang='lat' dir='ltr'><strong>Scythica</strong></span> <span class='ocrx_word' id='word_1_77' title='bbox 1280 1124 1590 1172; x_wconf 87' lang='lat' dir='ltr'><strong>nascuntur</strong></span> <span class='ocrx_word' id='word_1_78' title='bbox 1618 1123 1782 1186; x_wconf 87' lang='lat' dir='ltr'><strong>terra,</strong></span> <span class='ocrx_word' id='word_1_79' title='bbox 1823 1115 2072 1174; x_wconf 88' lang='lat' dir='ltr'><strong>omnium</strong></span> <span class='ocrx_word' id='word_1_80' title='bbox 2097 1132 2232 1192; x_wconf 83' lang='lat' dir='ltr'><strong>quoe</strong></span> <span class='ocrx_word' id='word_1_81' title='bbox 2264 1109 2425 1170; x_wconf 87' lang='lat' dir='ltr'><strong>nobis</strong></span> <span class='ocrx_word' id='word_1_82' title='bbox 2455 1107 2588 1188; x_wconf 79' lang='lat' dir='ltr'><strong>inno-</strong></span> 
     </span>
     <span class='ocr_line' id='line_1_11' title="bbox 464 1183 2586 1284; baseline -0.004 -17"><span class='ocrx_word' id='word_1_83' title='bbox 464 1215 701 1267; x_wconf 88' lang='lat' dir='ltr'><strong>tuerunt</strong></span> <span class='ocrx_word' id='word_1_84' title='bbox 735 1204 987 1262; x_wconf 81' lang='lat' dir='ltr'><strong>maxime</strong></span> <span class='ocrx_word' id='word_1_85' title='bbox 1030 1203 1179 1262; x_wconf 90' lang='lat' dir='ltr'><strong>hanc</strong></span> <span class='ocrx_word' id='word_1_86' title='bbox 1220 1204 1334 1262; x_wconf 79' lang='lat' dir='ltr'><strong>vim</strong></span> <span class='ocrx_word' id='word_1_87' title='bbox 1377 1205 1614 1275; x_wconf 84' lang='lat' dir='ltr'><strong>habent,</strong></span> <span class='ocrx_word' id='word_1_88' title='bbox 1662 1216 1728 1264; x_wconf 91' lang='lat' dir='ltr'><strong>ut</strong></span> <span class='ocrx_word' id='word_1_89' title='bbox 1769 1206 1944 1266; x_wconf 89' lang='lat' dir='ltr'><strong>bilem</strong></span> <span class='ocrx_word' id='word_1_90' title='bbox 1990 1204 2294 1284; x_wconf 80' lang='lat' dir='ltr'><strong>pecoribus</strong></span> <span class='ocrx_word' id='word_1_91' title='bbox 2333 1183 2586 1280; x_wconf 77' lang='lat' dir='ltr'><strong>augeant:</strong></span> 
     </span>
     <span class='ocr_line' id='line_1_12' title="bbox 464 1295 2034 1402; baseline 0.001 -47"><span class='ocrx_word' id='word_1_92' title='bbox 464 1297 621 1375; x_wconf 91' lang='lat' dir='ltr'><strong>quod</strong></span> <span class='ocrx_word' id='word_1_93' title='bbox 642 1296 725 1354; x_wconf 89' lang='lat' dir='ltr'><strong>ita</strong></span> <span class='ocrx_word' id='word_1_94' title='bbox 752 1314 897 1367; x_wconf 89' lang='lat' dir='ltr'><strong>esse,</strong></span> <span class='ocrx_word' id='word_1_95' title='bbox 920 1313 997 1353; x_wconf 87' lang='lat' dir='ltr'><strong>ex</strong></span> <span class='ocrx_word' id='word_1_96' title='bbox 1025 1295 1239 1374; x_wconf 88' lang='lat' dir='ltr'><strong>apertis</strong></span> <span class='ocrx_word' id='word_1_97' title='bbox 1266 1296 1568 1402; x_wconf 83' lang='lat' dir='ltr'><strong>pecoribus</strong></span> <span class='ocrx_word' id='word_1_98' title='bbox 1589 1297 1859 1376; x_wconf 88' lang='lat' dir='ltr'><strong>colligere</strong></span> <span class='ocrx_word' id='word_1_99' title='bbox 1881 1297 2034 1356; x_wconf 89' lang='lat' dir='ltr'><strong>licet.</strong></span> 
     </span>
    </p>

    <p class='ocr_par' dir='ltr' id='par_1_5' title="bbox 436 1387 2604 2386">
     <span class='ocr_line' id='line_1_13' title="bbox 543 1387 2590 1470; baseline -0.004 -20"><span class='ocrx_word' id='word_1_100' title='bbox 543 1395 641 1450; x_wconf 87' lang='lat'><strong>59.</strong></span> <span class='ocrx_word' id='word_1_101' title='bbox 684 1389 818 1448; x_wconf 86' lang='lat' dir='ltr'><strong>Istis</strong></span> <span class='ocrx_word' id='word_1_102' title='bbox 862 1389 1036 1466; x_wconf 85' lang='lat' dir='ltr'><strong>igitur</strong></span> <span class='ocrx_word' id='word_1_103' title='bbox 1062 1387 1320 1448; x_wconf 82' lang='lat' dir='ltr'><strong>maximis</strong></span> <span class='ocrx_word' id='word_1_104' title='bbox 1348 1390 1663 1450; x_wconf 88' lang='lat' dir='ltr'><strong>commodis</strong></span> <span class='ocrx_word' id='word_1_105' title='bbox 1693 1411 1867 1470; x_wconf 89' lang='lat' dir='ltr'><strong>quum</strong></span> <span class='ocrx_word' id='word_1_106' title='bbox 1894 1389 2184 1450; x_wconf 84' lang='lat' dir='ltr'><strong>abundent</strong></span> <span class='ocrx_word' id='word_1_107' title='bbox 2221 1387 2474 1466; x_wconf 60' lang='lat' dir='ltr'><strong>Scytha-ff,</strong></span> <span class='ocrx_word' id='word_1_108' title='bbox 2499 1402 2590 1442; x_wconf 74' lang='grc' dir='ltr'><strong>οω-</strong></span> 
     </span>
     <span class='ocr_line' id='line_1_14' title="bbox 465 1473 2592 1560; baseline -0.004 -20"><span class='ocrx_word' id='word_1_109' title='bbox 465 1493 655 1550; x_wconf 83' lang='lat' dir='ltr'><strong>terum</strong></span> <span class='ocrx_word' id='word_1_110' title='bbox 687 1482 955 1540; x_wconf 76' lang='lat' dir='ltr'><strong>institutis</strong></span> <span class='ocrx_word' id='word_1_111' title='bbox 986 1489 1213 1538; x_wconf 79' lang='lat' dir='ltr'><strong>utuntur</strong></span> <span class='ocrx_word' id='word_1_112' title='bbox 1238 1483 1550 1558; x_wconf 67' lang='lat' dir='ltr'><strong>hty&#39;usmodi.</strong></span> <span class='ocrx_word' id='word_1_113' title='bbox 1631 1482 1796 1542; x_wconf 83' lang='lat' dir='ltr'><strong>Deos</strong></span> <span class='ocrx_word' id='word_1_114' title='bbox 1815 1483 1968 1542; x_wconf 89' lang='lat' dir='ltr'><strong>solos</strong></span> <span class='ocrx_word' id='word_1_115' title='bbox 1994 1482 2225 1560; x_wconf 86' lang='lat' dir='ltr'><strong>placant</strong></span> <span class='ocrx_word' id='word_1_116' title='bbox 2249 1480 2458 1538; x_wconf 89' lang='lat' dir='ltr'><strong>hosce:</strong></span> <span class='ocrx_word' id='word_1_117' title='bbox 2494 1473 2592 1532; x_wconf 89' lang='lat' dir='ltr'><strong>Ve-</strong></span> 
     </span>
     <span class='ocr_line' id='line_1_15' title="bbox 464 1569 2594 1652; baseline -0.005 -18"><span class='ocrx_word' id='word_1_118' title='bbox 464 1585 610 1634; x_wconf 87' lang='lat' dir='ltr'><strong>stam</strong></span> <span class='ocrx_word' id='word_1_119' title='bbox 636 1573 869 1651; x_wconf 87' lang='lat' dir='ltr'><strong>quidem</strong></span> <span class='ocrx_word' id='word_1_120' title='bbox 896 1573 1176 1632; x_wconf 80' lang='lat' dir='ltr'><strong>maxime:</strong></span> <span class='ocrx_word' id='word_1_121' title='bbox 1214 1572 1450 1652; x_wconf 81' lang='lat' dir='ltr'><strong>insuper</strong></span> <span class='ocrx_word' id='word_1_122' title='bbox 1475 1592 1612 1633; x_wconf 84' lang='lat' dir='ltr'><strong>vero</strong></span> <span class='ocrx_word' id='word_1_123' title='bbox 1637 1569 1844 1634; x_wconf 85' lang='lat' dir='ltr'><strong>Jovem</strong></span> <span class='ocrx_word' id='word_1_124' title='bbox 1866 1585 1926 1633; x_wconf 90' lang='lat' dir='ltr'><strong>et</strong></span> <span class='ocrx_word' id='word_1_125' title='bbox 1955 1573 2214 1648; x_wconf 78' lang='lat' dir='ltr'><strong>Terram,</strong></span> <span class='ocrx_word' id='word_1_126' title='bbox 2235 1569 2594 1646; x_wconf 82' lang='lat' dir='ltr'><strong>existimantes</strong></span> 
     </span>
     <span class='ocr_line' id='line_1_16' title="bbox 466 1663 2601 1746; baseline -0.003 -22"><span class='ocrx_word' id='word_1_127' title='bbox 466 1667 707 1725; x_wconf 85' lang='lat' dir='ltr'><strong>Terram</strong></span> <span class='ocrx_word' id='word_1_128' title='bbox 734 1667 777 1726; x_wconf 89' lang='lat' dir='ltr'>J</span> <span class='ocrx_word' id='word_1_129' title='bbox 778 1666 899 1725; x_wconf 84' lang='lat' dir='ltr'><strong>ovis</strong></span> <span class='ocrx_word' id='word_1_130' title='bbox 921 1685 1049 1725; x_wconf 88' lang='lat' dir='ltr'><strong>esse</strong></span> <span class='ocrx_word' id='word_1_131' title='bbox 1078 1683 1355 1725; x_wconf 84' lang='lat' dir='ltr'><strong>uxorem:</strong></span> <span class='ocrx_word' id='word_1_132' title='bbox 1396 1677 1530 1745; x_wconf 87' lang='lat' dir='ltr'><strong>post</strong></span> <span class='ocrx_word' id='word_1_133' title='bbox 1551 1666 1656 1726; x_wconf 88' lang='lat' dir='ltr'><strong>hos</strong></span> <span class='ocrx_word' id='word_1_134' title='bbox 1683 1687 1842 1738; x_wconf 81' lang='lat' dir='ltr'><strong>vero,</strong></span> <span class='ocrx_word' id='word_1_135' title='bbox 1867 1666 2220 1746; x_wconf 80' lang='lat' dir='ltr'><strong>Apollinem,</strong></span> <span class='ocrx_word' id='word_1_136' title='bbox 2241 1676 2303 1723; x_wconf 91' lang='lat' dir='ltr'><strong>et</strong></span> <span class='ocrx_word' id='word_1_137' title='bbox 2324 1663 2601 1722; x_wconf 76' lang='lat' dir='ltr'><strong>coelestem</strong></span> 
     </span>
     <span class='ocr_line' id='line_1_17' title="bbox 464 1753 2602 1837; baseline -0.004 -21"><span class='ocrx_word' id='word_1_138' title='bbox 464 1759 775 1834; x_wconf 86' lang='lat' dir='ltr'><strong>Venerem,</strong></span> <span class='ocrx_word' id='word_1_139' title='bbox 818 1768 880 1818; x_wconf 93' lang='lat' dir='ltr'><strong>et</strong></span> <span class='ocrx_word' id='word_1_140' title='bbox 922 1757 1261 1829; x_wconf 86' lang='lat' dir='ltr'><strong>Herculem,</strong></span> <span class='ocrx_word' id='word_1_141' title='bbox 1304 1769 1365 1818; x_wconf 93' lang='lat' dir='ltr'><strong>et</strong></span> <span class='ocrx_word' id='word_1_142' title='bbox 1400 1757 1672 1821; x_wconf 84' lang='lat' dir='ltr'><strong>Martem.</strong></span> <span class='ocrx_word' id='word_1_143' title='bbox 1753 1760 1884 1819; x_wconf 89' lang='lat' dir='ltr'><strong>Hos</strong></span> <span class='ocrx_word' id='word_1_144' title='bbox 1927 1759 2100 1837; x_wconf 83' lang='lat' dir='ltr'><strong>igitur</strong></span> <span class='ocrx_word' id='word_1_145' title='bbox 2140 1756 2387 1816; x_wconf 82' lang='lat' dir='ltr'><strong>universi</strong></span> <span class='ocrx_word' id='word_1_146' title='bbox 2431 1753 2602 1813; x_wconf 86' lang='lat' dir='ltr'><strong>colunt</strong></span> 
     </span>
     <span class='ocr_line' id='line_1_18' title="bbox 468 1842 2600 1931; baseline -0.005 -21"><span class='ocrx_word' id='word_1_147' title='bbox 468 1851 737 1929; x_wconf 74' lang='lat' dir='ltr'><strong>Scythae:</strong></span> <span class='ocrx_word' id='word_1_148' title='bbox 782 1849 957 1926; x_wconf 88' lang='lat' dir='ltr'><strong>Regii</strong></span> <span class='ocrx_word' id='word_1_149' title='bbox 982 1869 1119 1908; x_wconf 87' lang='lat' dir='ltr'><strong>vero</strong></span> <span class='ocrx_word' id='word_1_150' title='bbox 1146 1850 1244 1927; x_wconf 90' lang='lat' dir='ltr'><strong>qui</strong></span> <span class='ocrx_word' id='word_1_151' title='bbox 1274 1859 1548 1910; x_wconf 83' lang='lat' dir='ltr'><strong>vocantur</strong></span> <span class='ocrx_word' id='word_1_152' title='bbox 1581 1850 1818 1931; x_wconf 75' lang='lat' dir='ltr'><strong>Scythae</strong></span> <span class='ocrx_word' id='word_1_153' title='bbox 1847 1850 2126 1929; x_wconf 87' lang='lat' dir='ltr'><strong>Neptuno</strong></span> <span class='ocrx_word' id='word_1_154' title='bbox 2151 1848 2322 1908; x_wconf 87' lang='lat' dir='ltr'><strong>etiarn</strong></span> <span class='ocrx_word' id='word_1_155' title='bbox 2349 1863 2509 1906; x_wconf 89' lang='lat' dir='ltr'><strong>sacra</strong></span> <span class='ocrx_word' id='word_1_156' title='bbox 2529 1842 2600 1900; x_wconf 85' lang='lat' dir='ltr'><strong>fa·</strong></span> 
     </span>
     <span class='ocr_line' id='line_1_19' title="bbox 467 1933 2600 2020; baseline -0.005 -19"><span class='ocrx_word' id='word_1_157' title='bbox 467 1943 645 2002; x_wconf 92' lang='lat' dir='ltr'><strong>ciunt.</strong></span> <span class='ocrx_word' id='word_1_158' title='bbox 728 1939 1072 2000; x_wconf 85' lang='lat' dir='ltr'><strong>Nominatur</strong></span> <span class='ocrx_word' id='word_1_159' title='bbox 1110 1950 1304 1999; x_wconf 86' lang='lat' dir='ltr'><strong>autem</strong></span> <span class='ocrx_word' id='word_1_160' title='bbox 1334 1940 1608 2020; x_wconf 82' lang='lat' dir='ltr'><strong>Scythico</strong></span> <span class='ocrx_word' id='word_1_161' title='bbox 1635 1945 1896 2020; x_wconf 79' lang='lat' dir='ltr'><strong>sermone</strong></span> <span class='ocrx_word' id='word_1_162' title='bbox 1925 1942 2106 2001; x_wconf 86' lang='lat' dir='ltr'><strong>Vesta</strong></span> <span class='ocrx_word' id='word_1_163' title='bbox 2139 1939 2371 2017; x_wconf 87' lang='lat' dir='ltr'><strong>quidem</strong></span> <span class='ocrx_word' id='word_1_164' title='bbox 2401 1933 2600 2000; x_wconf 87' lang='lat' dir='ltr'><strong>Tabiti;</strong></span> 
     </span>
     <span class='ocr_line' id='line_1_20' title="bbox 436 2029 2604 2114; baseline -0.004 -22"><span class='ocrx_word' id='word_1_165' title='bbox 436 2032 695 2111; x_wconf 67' lang='lat' dir='ltr'><strong>=Jupiter</strong></span> <span class='ocrx_word' id='word_1_166' title='bbox 730 2049 869 2090; x_wconf 71' lang='lat' dir='ltr'><strong>,vero</strong></span> <span class='ocrx_word' id='word_1_167' title='bbox 907 2029 1246 2114; x_wconf 82' lang='lat' dir='ltr'><strong>rectissime,</strong></span> <span class='ocrx_word' id='word_1_168' title='bbox 1276 2049 1407 2090; x_wconf 84' lang='lat' dir='ltr'><strong>mea</strong></span> <span class='ocrx_word' id='word_1_169' title='bbox 1445 2031 1674 2110; x_wconf 89' lang='lat' dir='ltr'><strong>quidem</strong></span> <span class='ocrx_word' id='word_1_170' title='bbox 1715 2032 2017 2102; x_wconf 89' lang='lat' dir='ltr'><strong>sententia,</strong></span> <span class='ocrx_word' id='word_1_171' title='bbox 2060 2031 2306 2108; x_wconf 83' lang='lat' dir='ltr'><strong>Papaeus</strong></span> <span class='ocrx_word' id='word_1_172' title='bbox 2347 2037 2604 2092; x_wconf 87' lang='lat' dir='ltr'><strong>vocatur;</strong></span> 
     </span>
     <span class='ocr_line' id='line_1_21' title="bbox 467 2119 2602 2203; baseline -0.003 -21"><span class='ocrx_word' id='word_1_173' title='bbox 467 2123 652 2182; x_wconf 88' lang='lat' dir='ltr'><strong>Terra</strong></span> <span class='ocrx_word' id='word_1_174' title='bbox 678 2141 835 2192; x_wconf 88' lang='lat' dir='ltr'><strong>vero,</strong></span> <span class='ocrx_word' id='word_1_175' title='bbox 864 2121 1051 2199; x_wconf 88' lang='lat' dir='ltr'><strong>Apia;</strong></span> <span class='ocrx_word' id='word_1_176' title='bbox 1094 2121 1327 2200; x_wconf 88' lang='lat' dir='ltr'><strong>Apollo,</strong></span> <span class='ocrx_word' id='word_1_177' title='bbox 1347 2122 1688 2203; x_wconf 79' lang='lat' dir='ltr'><strong>OEtosyrus3</strong></span> <span class='ocrx_word' id='word_1_178' title='bbox 1729 2123 1974 2184; x_wconf 84' lang='lat' dir='ltr'><strong>coelestis</strong></span> <span class='ocrx_word' id='word_1_179' title='bbox 2005 2123 2217 2190; x_wconf 89' lang='lat' dir='ltr'><strong>Venus,</strong></span> <span class='ocrx_word' id='word_1_180' title='bbox 2253 2119 2602 2196; x_wconf 71' lang='lat' dir='ltr'><strong>Artimpasaz</strong></span> 
     </span>
     <span class='ocr_line' id='line_1_22' title="bbox 466 2209 2604 2290; baseline -0.004 -18"><span class='ocrx_word' id='word_1_181' title='bbox 466 2214 795 2290; x_wconf 62' lang='lat' dir='ltr'><strong>Neptunus„</strong></span> <span class='ocrx_word' id='word_1_182' title='bbox 827 2211 1317 2276; x_wconf 85' lang='lat' dir='ltr'><strong>Thamimasadas.</strong></span> <span class='ocrx_word' id='word_1_183' title='bbox 1402 2212 1630 2272; x_wconf 85' lang='lat' dir='ltr'><strong>Statuas</strong></span> <span class='ocrx_word' id='word_1_184' title='bbox 1669 2233 1806 2273; x_wconf 84' lang='lat' dir='ltr'><strong>vero</strong></span> <span class='ocrx_word' id='word_1_185' title='bbox 1832 2225 1893 2272; x_wconf 90' lang='lat' dir='ltr'><strong>et</strong></span> <span class='ocrx_word' id='word_1_186' title='bbox 1919 2233 2046 2272; x_wconf 88' lang='lat' dir='ltr'><strong>aras</strong></span> <span class='ocrx_word' id='word_1_187' title='bbox 2073 2223 2134 2270; x_wconf 86' lang='lat' dir='ltr'><strong>et</strong></span> <span class='ocrx_word' id='word_1_188' title='bbox 2157 2210 2378 2289; x_wconf 90' lang='lat' dir='ltr'><strong>templa</strong></span> <span class='ocrx_word' id='word_1_189' title='bbox 2401 2209 2604 2286; x_wconf 85' lang='lat' dir='ltr'><strong>erigere</strong></span> 
     </span>
     <span class='ocr_line' id='line_1_23' title="bbox 465 2302 1994 2398; baseline 0.001 -36"><span class='ocrx_word' id='word_1_190' title='bbox 465 2324 582 2398; x_wconf 84' lang='grc' dir='ltr'>ιιοιι</span> <span class='ocrx_word' id='word_1_191' title='bbox 608 2302 869 2363; x_wconf 89' lang='lat' dir='ltr'><strong>habent</strong></span> <span class='ocrx_word' id='word_1_192' title='bbox 854 2321 913 2360; x_wconf 87' lang='grc' dir='ltr'><strong>ιιι</strong></span> <span class='ocrx_word' id='word_1_193' title='bbox 928 2322 1061 2372; x_wconf 88' lang='lat' dir='ltr'><strong>usu,</strong></span> <span class='ocrx_word' id='word_1_194' title='bbox 1090 2303 1196 2360; x_wconf 90' lang='lat' dir='ltr'><strong>nisi</strong></span> <span class='ocrx_word' id='word_1_195' title='bbox 1220 2304 1434 2362; x_wconf 81' lang='lat' dir='ltr'><strong>Marti:</strong></span> <span class='ocrx_word' id='word_1_196' title='bbox 1464 2304 1600 2364; x_wconf 88' lang='lat' dir='ltr'><strong>huic</strong></span> <span class='ocrx_word' id='word_1_197' title='bbox 1626 2305 1722 2364; x_wconf 87' lang='lat' dir='ltr'><strong>uni</strong></span> <span class='ocrx_word' id='word_1_198' title='bbox 1750 2307 1994 2386; x_wconf 86' lang='lat' dir='ltr'><strong>erigunt.</strong></span> 
     </span>
    </p>

    <p class='ocr_par' dir='ltr' id='par_1_6' title="bbox 463 2394 2637 3119">
     <span class='ocr_line' id='line_1_24' title="bbox 543 2394 2601 2462; baseline -0.004 -4"><span class='ocrx_word' id='word_1_199' title='bbox 543 2402 644 2458; x_wconf 90' lang='lat'><strong>60.</strong></span> <span class='ocrx_word' id='word_1_200' title='bbox 690 2395 999 2455; x_wconf 86' lang='lat' dir='ltr'><strong>Sacrorum</strong></span> <span class='ocrx_word' id='word_1_201' title='bbox 1016 2395 1445 2455; x_wconf 86' lang='lat' dir='ltr'><strong>faciendorum</strong></span> <span class='ocrx_word' id='word_1_202' title='bbox 1431 2417 1488 2454; x_wconf 90' lang='grc' dir='ltr'><strong>ιιι</strong></span> <span class='ocrx_word' id='word_1_203' title='bbox 1511 2397 1772 2460; x_wconf 84' lang='lat' dir='ltr'><strong>omnibus</strong></span> <span class='ocrx_word' id='word_1_204' title='bbox 1791 2398 2082 2459; x_wconf 88' lang='lat' dir='ltr'><strong>sacrificiis</strong></span> <span class='ocrx_word' id='word_1_205' title='bbox 2102 2397 2304 2457; x_wconf 88' lang='lat' dir='ltr'><strong>eadem</strong></span> <span class='ocrx_word' id='word_1_206' title='bbox 2337 2394 2601 2462; x_wconf 76' lang='lat' dir='ltr'><strong>estratio,</strong></span> 
     </span>
     <span class='ocr_line' id='line_1_25' title="bbox 463 2487 2604 2570; baseline -0.003 -23"><span class='ocrx_word' id='word_1_207' title='bbox 463 2487 808 2570; x_wconf 81' lang='lat' dir='ltr'><strong>huJusmodi.</strong></span> <span class='ocrx_word' id='word_1_208' title='bbox 852 2487 981 2570; x_wconf 78' lang='lat' dir='ltr'><strong>Stat</strong></span> <span class='ocrx_word' id='word_1_209' title='bbox 1008 2487 1259 2558; x_wconf 88' lang='lat' dir='ltr'><strong>victima,</strong></span> <span class='ocrx_word' id='word_1_210' title='bbox 1290 2489 1604 2548; x_wconf 86' lang='lat' dir='ltr'><strong>anteriores</strong></span> <span class='ocrx_word' id='word_1_211' title='bbox 1631 2491 1808 2568; x_wconf 81' lang='lat' dir='ltr'><strong>pedes</strong></span> <span class='ocrx_word' id='word_1_212' title='bbox 1835 2491 2175 2570; x_wconf 83' lang='lat' dir='ltr'><strong>constrictos</strong></span> <span class='ocrx_word' id='word_1_213' title='bbox 2191 2489 2455 2566; x_wconf 81' lang='lat' dir='ltr'><strong>habens:</strong></span> <span class='ocrx_word' id='word_1_214' title='bbox 2497 2497 2604 2544; x_wconf 90' lang='lat' dir='ltr'><strong>tum</strong></span> 
     </span>
     <span class='ocr_line' id='line_1_26' title="bbox 463 2577 2605 2662; baseline -0.004 -20"><span class='ocrx_word' id='word_1_215' title='bbox 463 2585 511 2644; x_wconf 87' lang='lat' dir='ltr'><strong>is</strong></span> <span class='ocrx_word' id='word_1_216' title='bbox 552 2583 649 2662; x_wconf 90' lang='lat' dir='ltr'><strong>qui</strong></span> <span class='ocrx_word' id='word_1_217' title='bbox 674 2601 836 2642; x_wconf 73' lang='lat' dir='ltr'><strong>sacra</strong></span> <span class='ocrx_word' id='word_1_218' title='bbox 860 2581 1021 2651; x_wconf 86' lang='lat' dir='ltr'><strong>facit,</strong></span> <span class='ocrx_word' id='word_1_219' title='bbox 1050 2601 1199 2660; x_wconf 90' lang='lat' dir='ltr'><strong>pone</strong></span> <span class='ocrx_word' id='word_1_220' title='bbox 1240 2591 1416 2652; x_wconf 88' lang='lat' dir='ltr'><strong>stans,</strong></span> <span class='ocrx_word' id='word_1_221' title='bbox 1449 2583 1699 2642; x_wconf 70' lang='lat' dir='ltr'><strong>adtrahit</strong></span> <span class='ocrx_word' id='word_1_222' title='bbox 1737 2582 2076 2662; x_wconf 86' lang='lat' dir='ltr'><strong>principium</strong></span> <span class='ocrx_word' id='word_1_223' title='bbox 2115 2581 2284 2652; x_wconf 87' lang='lat' dir='ltr'><strong>funis,</strong></span> <span class='ocrx_word' id='word_1_224' title='bbox 2329 2592 2500 2658; x_wconf 85' lang='lat' dir='ltr'><strong>atque</strong></span> <span class='ocrx_word' id='word_1_225' title='bbox 2535 2577 2605 2634; x_wconf 84' lang='lat' dir='ltr'><strong>ita</strong></span> 
     </span>
     <span class='ocr_line' id='line_1_27' title="bbox 464 2670 2604 2755; baseline -0.005 -19"><span class='ocrx_word' id='word_1_226' title='bbox 464 2674 775 2755; x_wconf 83' lang='lat' dir='ltr'><strong>prosternit</strong></span> <span class='ocrx_word' id='word_1_227' title='bbox 801 2693 1017 2753; x_wconf 85' lang='lat' dir='ltr'><strong>..pecus</strong></span> <span class='ocrx_word' id='word_1_228' title='bbox 1100 2673 1313 2743; x_wconf 85' lang='lat' dir='ltr'><strong>Idem,</strong></span> <span class='ocrx_word' id='word_1_229' title='bbox 1330 2673 1468 2732; x_wconf 89' lang='lat' dir='ltr'><strong>dum</strong></span> <span class='ocrx_word' id='word_1_230' title='bbox 1511 2673 1664 2733; x_wconf 90' lang='lat' dir='ltr'><strong>cadit</strong></span> <span class='ocrx_word' id='word_1_231' title='bbox 1704 2674 1948 2744; x_wconf 86' lang='lat' dir='ltr'><strong>victima,</strong></span> <span class='ocrx_word' id='word_1_232' title='bbox 1981 2674 2151 2732; x_wconf 86' lang='lat' dir='ltr'><strong>deum</strong></span> <span class='ocrx_word' id='word_1_233' title='bbox 2186 2672 2362 2730; x_wconf 90' lang='lat' dir='ltr'><strong>illum</strong></span> <span class='ocrx_word' id='word_1_234' title='bbox 2391 2670 2604 2730; x_wconf 85' lang='lat' dir='ltr'><strong>invocat</strong></span> 
     </span>
     <span class='ocr_line' id='line_1_28' title="bbox 464 2762 2606 2842; baseline -0.004 -15"><span class='ocrx_word' id='word_1_235' title='bbox 464 2767 553 2827; x_wconf 87' lang='lat' dir='ltr'><strong>cui</strong></span> <span class='ocrx_word' id='word_1_236' title='bbox 594 2785 755 2830; x_wconf 84' lang='lat' dir='ltr'><strong>sacra</strong></span> <span class='ocrx_word' id='word_1_237' title='bbox 797 2765 977 2826; x_wconf 85' lang='lat' dir='ltr'><strong>facit.</strong></span> <span class='ocrx_word' id='word_1_238' title='bbox 1020 2775 1145 2824; x_wconf 88' lang='lat' dir='ltr'><strong>tum</strong></span> <span class='ocrx_word' id='word_1_239' title='bbox 1178 2765 1448 2842; x_wconf 88' lang='lat' dir='ltr'><strong>laqueum</strong></span> <span class='ocrx_word' id='word_1_240' title='bbox 1489 2766 1698 2827; x_wconf 84' lang='lat' dir='ltr'><strong>cervici</strong></span> <span class='ocrx_word' id='word_1_241' title='bbox 1745 2767 2099 2842; x_wconf 80' lang='lat' dir='ltr'><strong>circumjicit,</strong></span> <span class='ocrx_word' id='word_1_242' title='bbox 2133 2776 2192 2826; x_wconf 86' lang='lat' dir='ltr'><strong>et</strong></span> <span class='ocrx_word' id='word_1_243' title='bbox 2231 2765 2506 2824; x_wconf 87' lang='lat' dir='ltr'><strong>insertum</strong></span> <span class='ocrx_word' id='word_1_244' title='bbox 2538 2762 2606 2820; x_wconf 85' lang='lat' dir='ltr'><strong>la-</strong></span> 
     </span>
     <span class='ocr_line' id='line_1_29' title="bbox 470 2856 2604 2940; baseline -0.005 -20"><span class='ocrx_word' id='word_1_245' title='bbox 470 2879 620 2940; x_wconf 89' lang='lat' dir='ltr'><strong>queo</strong></span> <span class='ocrx_word' id='word_1_246' title='bbox 650 2859 876 2918; x_wconf 88' lang='lat' dir='ltr'><strong>fustem</strong></span> <span class='ocrx_word' id='word_1_247' title='bbox 922 2857 1335 2934; x_wconf 85' lang='lat' dir='ltr'><strong>circumagens,</strong></span> <span class='ocrx_word' id='word_1_248' title='bbox 1361 2858 1684 2936; x_wconf 79' lang='lat' dir='ltr'><strong>strangulat</strong></span> <span class='ocrx_word' id='word_1_249' title='bbox 1721 2857 2028 2928; x_wconf 82' lang='lat' dir='ltr'><strong>victimam,</strong></span> <span class='ocrx_word' id='word_1_250' title='bbox 2055 2875 2168 2916; x_wconf 89' lang='lat' dir='ltr'><strong>non</strong></span> <span class='ocrx_word' id='word_1_251' title='bbox 2188 2856 2344 2934; x_wconf 85' lang='lat' dir='ltr'><strong>&#39;igne</strong></span> <span class='ocrx_word' id='word_1_252' title='bbox 2367 2857 2604 2919; x_wconf 89' lang='lat' dir='ltr'><strong>incenso,</strong></span> 
     </span>
     <span class='ocr_line' id='line_1_30' title="bbox 465 2942 2606 3030; baseline -0.004 -20"><span class='ocrx_word' id='word_1_253' title='bbox 465 2971 607 3012; x_wconf 88' lang='grc' dir='ltr'>ιιοιι</span> <span class='ocrx_word' id='word_1_254' title='bbox 626 2950 978 3030; x_wconf 89' lang='lat' dir='ltr'><strong>auspicatus,</strong></span> <span class='ocrx_word' id='word_1_255' title='bbox 1024 2947 1183 3008; x_wconf 89' lang='lat' dir='ltr'><strong>nulla</strong></span> <span class='ocrx_word' id='word_1_256' title='bbox 1207 2948 1481 3029; x_wconf 86' lang='lat' dir='ltr'><strong>libatione</strong></span> <span class='ocrx_word' id='word_1_257' title='bbox 1515 2948 1690 3008; x_wconf 86' lang='lat' dir='ltr'><strong>facta.</strong></span> <span class='ocrx_word' id='word_1_258' title='bbox 1776 2949 1893 3008; x_wconf 88' lang='lat' dir='ltr'><strong>Sed</strong></span> <span class='ocrx_word' id='word_1_259' title='bbox 1921 2959 2223 3027; x_wconf 85' lang='lat' dir='ltr'><strong>postquam</strong></span> <span class='ocrx_word' id='word_1_260' title='bbox 2251 2942 2606 3024; x_wconf 77' lang='lat' dir='ltr'><strong>strangulavit</strong></span> 
     </span>
     <span class='ocr_line' id='line_1_31' title="bbox 466 3021 2637 3120; baseline -0.002 -18"><span class='ocrx_word' id='word_1_261' title='bbox 466 3043 775 3113; x_wconf 84' lang='lat' dir='ltr'><strong>victimam,</strong></span> <span class='ocrx_word' id='word_1_262' title='bbox 805 3036 1255 3120; x_wconf 78' lang='lat' dir='ltr'><strong>excoriavitque,</strong></span> <span class='ocrx_word' id='word_1_263' title='bbox 1282 3039 1359 3099; x_wconf 88' lang='lat' dir='ltr'><strong>ad</strong></span> <span class='ocrx_word' id='word_1_264' title='bbox 1388 3021 1752 3118; x_wconf 81' lang='lat' dir='ltr'><strong>coquendum</strong></span> <span class='ocrx_word' id='word_1_265' title='bbox 1779 3059 1841 3100; x_wconf 90' lang='lat' dir='ltr'><strong>se</strong></span> <span class='ocrx_word' id='word_1_266' title='bbox 1870 3041 2110 3102; x_wconf 80' lang='lat' dir='ltr'><strong>confert.</strong></span> <span class='ocrx_word' id='word_1_267' title='bbox 2226 3048 2232 3054; x_wconf 85' lang='grc'><strong>’</strong></span> <span class='ocrx_word' id='word_1_268' title='bbox 2631 3083 2637 3088; x_wconf 90' lang='grc'>-</span> 
     </span>
    </p>

    <p class='ocr_par' dir='ltr' id='par_1_7' title="bbox 468 3131 2618 3758">
     <span class='ocr_line' id='line_1_32' title="bbox 546 3131 2618 3212; baseline -0.004 -17"><span class='ocrx_word' id='word_1_269' title='bbox 546 3139 644 3195; x_wconf 90' lang='grc'><strong>61.</strong></span> <span class='ocrx_word' id='word_1_270' title='bbox 687 3136 881 3199; x_wconf 83' lang='lat' dir='ltr'><strong>Quum</strong></span> <span class='ocrx_word' id='word_1_271' title='bbox 899 3140 1096 3191; x_wconf 77' lang='lat' dir='ltr'><strong>autem</strong></span> <span class='ocrx_word' id='word_1_272' title='bbox 1123 3132 1281 3208; x_wconf 87' lang='lat' dir='ltr'><strong>ligno</strong></span> <span class='ocrx_word' id='word_1_273' title='bbox 1307 3131 1620 3190; x_wconf 89' lang='lat' dir='ltr'><strong>admodum</strong></span> <span class='ocrx_word' id='word_1_274' title='bbox 1649 3143 1840 3192; x_wconf 89' lang='lat' dir='ltr'><strong>careat</strong></span> <span class='ocrx_word' id='word_1_275' title='bbox 1871 3133 2146 3212; x_wconf 81' lang='lat' dir='ltr'><strong>Scythica</strong></span> <span class='ocrx_word' id='word_1_276' title='bbox 2171 3143 2342 3202; x_wconf 86' lang='lat' dir='ltr'><strong>terra,</strong></span> <span class='ocrx_word' id='word_1_277' title='bbox 2373 3147 2604 3208; x_wconf 87' lang='lat' dir='ltr'><strong>coquen·</strong></span> <span class='ocrx_word' id='word_1_278' title='bbox 2611 3173 2618 3178; x_wconf 82' lang='lat'>-</span> 
     </span>
     <span class='ocr_line' id='line_1_33' title="bbox 471 3201 2610 3304; baseline -0.001 -22"><span class='ocrx_word' id='word_1_279' title='bbox 471 3201 671 3288; x_wconf 81' lang='lat' dir='ltr'><strong>darum</strong></span> <span class='ocrx_word' id='word_1_280' title='bbox 717 3222 974 3280; x_wconf 88' lang='lat' dir='ltr'><strong>carnium</strong></span> <span class='ocrx_word' id='word_1_281' title='bbox 1014 3222 1337 3296; x_wconf 85' lang='lat' dir='ltr'><strong>hujusmodi</strong></span> <span class='ocrx_word' id='word_1_282' title='bbox 1386 3223 1528 3280; x_wconf 85' lang='lat' dir='ltr'><strong>ratio</strong></span> <span class='ocrx_word' id='word_1_283' title='bbox 1575 3222 1656 3304; x_wconf 19' lang='lat' dir='ltr'><strong>ab*</strong></span> <span class='ocrx_word' id='word_1_284' title='bbox 1685 3223 1808 3282; x_wconf 80' lang='lat' dir='ltr'><strong>&#39;illis</strong></span> <span class='ocrx_word' id='word_1_285' title='bbox 1844 3223 2096 3284; x_wconf 84' lang='lat' dir='ltr'><strong>inventa.</strong></span> <span class='ocrx_word' id='word_1_286' title='bbox 2117 3234 2224 3282; x_wconf 88' lang='lat' dir='ltr'><strong>est.</strong></span> <span class='ocrx_word' id='word_1_287' title='bbox 2309 3221 2610 3300; x_wconf 84' lang='lat' dir='ltr'><strong>Postquam</strong></span> 
     </span>
     <span class='ocr_line' id='line_1_34' title="bbox 469 3303 2608 3396; baseline -0.003 -20"><span class='ocrx_word' id='word_1_288' title='bbox 469 3303 839 3394; x_wconf 77' lang='lat' dir='ltr'><strong>excoriarunt</strong></span> <span class='ocrx_word' id='word_1_289' title='bbox 875 3313 1155 3396; x_wconf 77' lang='lat' dir='ltr'><strong>victimaS,</strong></span> <span class='ocrx_word' id='word_1_290' title='bbox 1186 3333 1313 3374; x_wconf 87' lang='lat' dir='ltr'><strong>ossa</strong></span> <span class='ocrx_word' id='word_1_291' title='bbox 1348 3313 1616 3374; x_wconf 88' lang='lat' dir='ltr'><strong>carnibus</strong></span> <span class='ocrx_word' id='word_1_292' title='bbox 1641 3315 1898 3376; x_wconf 72' lang='lat' dir='ltr'><strong>nudantz</strong></span> <span class='ocrx_word' id='word_1_293' title='bbox 1941 3327 2082 3387; x_wconf 89' lang='lat' dir='ltr'><strong>tum,</strong></span> <span class='ocrx_word' id='word_1_294' title='bbox 2123 3314 2170 3374; x_wconf 87' lang='lat' dir='ltr'><strong>si</strong></span> <span class='ocrx_word' id='word_1_295' title='bbox 2209 3313 2362 3376; x_wconf 81' lang='lat' dir='ltr'><strong>forte</strong></span> <span class='ocrx_word' id='word_1_296' title='bbox 2387 3314 2472 3394; x_wconf 43' lang='lat' dir='ltr'><strong>ad·</strong></span> <span class='ocrx_word' id='word_1_297' title='bbox 2501 3331 2608 3370; x_wconf 89' lang='lat' dir='ltr'><strong>ma-</strong></span> 
     </span>
     <span class='ocr_line' id='line_1_35' title="bbox 468 3399 2610 3483; baseline -0.003 -14"><span class='ocrx_word' id='word_1_298' title='bbox 468 3427 577 3469; x_wconf 91' lang='lat' dir='ltr'><strong>nus</strong></span> <span class='ocrx_word' id='word_1_299' title='bbox 604 3416 737 3465; x_wconf 90' lang='lat' dir='ltr'><strong>sunt</strong></span> <span class='ocrx_word' id='word_1_300' title='bbox 758 3405 1000 3476; x_wconf 89' lang='lat' dir='ltr'><strong>lebetes,</strong></span> <span class='ocrx_word' id='word_1_301' title='bbox 1022 3405 1228 3483; x_wconf 20' lang='lat' dir='ltr'><strong>‘quales</strong></span> <span class='ocrx_word' id='word_1_302' title='bbox 1247 3399 1313 3464; x_wconf 79' lang='lat' dir='ltr'><strong>in</strong></span> <span class='ocrx_word' id='word_1_303' title='bbox 1331 3406 1430 3464; x_wconf 89' lang='lat' dir='ltr'><strong>illa</strong></span> <span class='ocrx_word' id='word_1_304' title='bbox 1453 3419 1606 3465; x_wconf 89' lang='lat' dir='ltr'><strong>terra</strong></span> <span class='ocrx_word' id='word_1_305' title='bbox 1633 3407 2030 3479; x_wconf 87' lang='lat' dir='ltr'><strong>conficiuntur,</strong></span> <span class='ocrx_word' id='word_1_306' title='bbox 2059 3407 2284 3466; x_wconf 88' lang='lat' dir='ltr'><strong>Lesbiis</strong></span> <span class='ocrx_word' id='word_1_307' title='bbox 2309 3405 2610 3474; x_wconf 76' lang='lat' dir='ltr'><strong>crateribus</strong></span> 
     </span>
     <span class='ocr_line' id='line_1_36' title="bbox 468 3493 2610 3576; baseline -0.003 -16"><span class='ocrx_word' id='word_1_308' title='bbox 468 3501 593 3560; x_wconf 81' lang='lat' dir='ltr'><strong>fere</strong></span> <span class='ocrx_word' id='word_1_309' title='bbox 614 3493 843 3567; x_wconf 79' lang='lat' dir='ltr'><strong>similes,</strong></span> <span class='ocrx_word' id='word_1_310' title='bbox 870 3495 976 3554; x_wconf 87' lang='lat' dir='ltr'><strong>nisi</strong></span> <span class='ocrx_word' id='word_1_311' title='bbox 1004 3497 1357 3574; x_wconf 76' lang='lat' dir='ltr'><strong>quodmulto</strong></span> <span class='ocrx_word' id='word_1_312' title='bbox 1378 3503 1621 3572; x_wconf 88' lang='lat' dir='ltr'><strong>majores</strong></span> <span class='ocrx_word' id='word_1_313' title='bbox 1639 3525 1655 3568; x_wconf 90' lang='lat'>;</span> <span class='ocrx_word' id='word_1_314' title='bbox 1683 3500 1740 3557; x_wconf 91' lang='lat' dir='ltr'><strong>in</strong></span> <span class='ocrx_word' id='word_1_315' title='bbox 1756 3500 1863 3559; x_wconf 86' lang='lat' dir='ltr'><strong>hos</strong></span> <span class='ocrx_word' id='word_1_316' title='bbox 1881 3499 2140 3576; x_wconf 78' lang='lat' dir='ltr'><strong>injiciunt</strong></span> <span class='ocrx_word' id='word_1_317' title='bbox 2152 3517 2386 3569; x_wconf 78' lang='lat' dir='ltr'><strong>carnes,</strong></span> <span class='ocrx_word' id='word_1_318' title='bbox 2407 3513 2610 3576; x_wconf 83' lang='lat' dir='ltr'><strong>easque</strong></span> 
     </span>
     <span class='ocr_line' id='line_1_37' title="bbox 472 3586 2614 3669; baseline -0.002 -18"><span class='ocrx_word' id='word_1_319' title='bbox 472 3587 765 3654; x_wconf 80' lang='lat' dir='ltr'><strong>succensis</strong></span> <span class='ocrx_word' id='word_1_320' title='bbox 803 3586 1027 3661; x_wconf 81' lang='lat' dir='ltr'><strong>inferne</strong></span> <span class='ocrx_word' id='word_1_321' title='bbox 1054 3607 1329 3664; x_wconf 89' lang='lat' dir='ltr'><strong>pecorum</strong></span> <span class='ocrx_word' id='word_1_322' title='bbox 1370 3589 1588 3650; x_wconf 88' lang='lat' dir='ltr'><strong>ossibus</strong></span> <span class='ocrx_word' id='word_1_323' title='bbox 1615 3592 1866 3658; x_wconf 82' lang='lat' dir='ltr'><strong>elixant:</strong></span> <span class='ocrx_word' id='word_1_324' title='bbox 1907 3590 2060 3669; x_wconf 88' lang='lat' dir='ltr'><strong>quod</strong></span> <span class='ocrx_word' id='word_1_325' title='bbox 2087 3591 2135 3649; x_wconf 90' lang='lat' dir='ltr'><strong>si</strong></span> <span class='ocrx_word' id='word_1_326' title='bbox 2165 3610 2288 3658; x_wconf 84' lang='lat' dir='ltr'><strong>non</strong></span> <span class='ocrx_word' id='word_1_327' title='bbox 2313 3588 2478 3648; x_wconf 87' lang='lat' dir='ltr'><strong>adest</strong></span> <span class='ocrx_word' id='word_1_328' title='bbox 2514 3587 2614 3647; x_wconf 86' lang='lat' dir='ltr'><strong>illis</strong></span> 
     </span>
     <span class='ocr_line' id='line_1_38' title="bbox 471 3681 2614 3768; baseline -0.004 -24"><span class='ocrx_word' id='word_1_329' title='bbox 471 3686 652 3754; x_wconf 89' lang='lat' dir='ltr'><strong>lebes,</strong></span> <span class='ocrx_word' id='word_1_330' title='bbox 680 3691 817 3743; x_wconf 88' lang='grc' dir='ltr'>ιιιιιι</span> <span class='ocrx_word' id='word_1_331' title='bbox 828 3698 964 3738; x_wconf 87' lang='lat' dir='ltr'><strong>vero</strong></span> <span class='ocrx_word' id='word_1_332' title='bbox 993 3697 1194 3764; x_wconf 81' lang='lat' dir='ltr'><strong>carnes</strong></span> <span class='ocrx_word' id='word_1_333' title='bbox 1218 3700 1417 3740; x_wconf 88' lang='lat' dir='ltr'><strong>omnes</strong></span> <span class='ocrx_word' id='word_1_334' title='bbox 1437 3681 1494 3738; x_wconf 89' lang='lat' dir='ltr'><strong>in</strong></span> <span class='ocrx_word' id='word_1_335' title='bbox 1522 3683 1707 3741; x_wconf 82' lang='lat' dir='ltr'><strong>alvum</strong></span> <span class='ocrx_word' id='word_1_336' title='bbox 1733 3683 1979 3742; x_wconf 85' lang='lat' dir='ltr'><strong>vietimae</strong></span> <span class='ocrx_word' id='word_1_337' title='bbox 1999 3681 2271 3768; x_wconf 81' lang='lat' dir='ltr'><strong>injiciunt,</strong></span> <span class='ocrx_word' id='word_1_338' title='bbox 2297 3697 2614 3758; x_wconf 84' lang='lat' dir='ltr'><strong>aquamque</strong></span> 
     </span>
    </p>
   </div>
   <div class='ocr_carea' id='block_1_3' title="bbox 363 3770 2616 3852">
    <p class='ocr_par' dir='ltr' id='par_1_8' title="bbox 363 3770 2616 3852">
     <span class='ocr_line' id='line_1_39' title="bbox 363 3770 2616 3852; baseline -0.002 -19"><span class='ocrx_word' id='word_1_339' title='bbox 363 3787 377 3799; x_wconf 66' lang='grc'><em>”</em></span> <span class='ocrx_word' id='word_1_340' title='bbox 474 3775 814 3842; x_wconf 85' lang='lat' dir='ltr'><strong>admiscent,</strong></span> <span class='ocrx_word' id='word_1_341' title='bbox 836 3779 1012 3849; x_wconf 87' lang='lat' dir='ltr'><strong>atque</strong></span> <span class='ocrx_word' id='word_1_342' title='bbox 1038 3770 1120 3828; x_wconf 90' lang='lat' dir='ltr'><strong>ita</strong></span> <span class='ocrx_word' id='word_1_343' title='bbox 1140 3791 1269 3830; x_wconf 90' lang='lat' dir='ltr'><strong>ossa</strong></span> <span class='ocrx_word' id='word_1_344' title='bbox 1300 3773 1451 3831; x_wconf 88' lang='lat' dir='ltr'><strong>infra</strong></span> <span class='ocrx_word' id='word_1_345' title='bbox 1477 3774 1864 3844; x_wconf 83' lang='lat' dir='ltr'><strong>succendunt.</strong></span> <span class='ocrx_word' id='word_1_346' title='bbox 1935 3773 2170 3852; x_wconf 90' lang='lat' dir='ltr'><strong>Optime</strong></span> <span class='ocrx_word' id='word_1_347' title='bbox 2197 3783 2394 3831; x_wconf 86' lang='lat' dir='ltr'><strong>autem</strong></span> <span class='ocrx_word' id='word_1_348' title='bbox 2419 3771 2616 3835; x_wconf 85' lang='lat' dir='ltr'><strong>ardent</strong></span> 
     </span>
    </p>
   </div>
   <div class='ocr_carea' id='block_1_4' title="bbox 475 3839 2616 4402">
    <p class='ocr_par' dir='ltr' id='par_1_9' title="bbox 475 3839 2616 4309">
     <span class='ocr_line' id='line_1_40' title="bbox 476 3839 2614 3947; baseline -0.004 -18"><span class='ocrx_word' id='word_1_349' title='bbox 476 3886 640 3934; x_wconf 88' lang='lat' dir='ltr'><strong>ossa;</strong></span> <span class='ocrx_word' id='word_1_350' title='bbox 674 3876 747 3927; x_wconf 91' lang='lat' dir='ltr'><strong>et</strong></span> <span class='ocrx_word' id='word_1_351' title='bbox 767 3865 927 3922; x_wconf 85' lang='lat' dir='ltr'><strong>alvus</strong></span> <span class='ocrx_word' id='word_1_352' title='bbox 953 3847 1197 3922; x_wconf 72' lang='lat' dir='ltr'><strong>victimae</strong></span> <span class='ocrx_word' id='word_1_353' title='bbox 1216 3863 1391 3930; x_wconf 86' lang='lat' dir='ltr'><strong>facile</strong></span> <span class='ocrx_word' id='word_1_354' title='bbox 1420 3866 1576 3947; x_wconf 89' lang='lat' dir='ltr'><strong>capit</strong></span> <span class='ocrx_word' id='word_1_355' title='bbox 1615 3872 1816 3926; x_wconf 79' lang='lat' dir='ltr'><strong>carnes</strong></span> <span class='ocrx_word' id='word_1_356' title='bbox 1843 3839 2058 3929; x_wconf 84' lang='lat' dir='ltr'><strong>ossibus</strong></span> <span class='ocrx_word' id='word_1_357' title='bbox 2073 3855 2344 3926; x_wconf 79' lang='lat' dir='ltr'><strong>nudatas.</strong></span> <span class='ocrx_word' id='word_1_358' title='bbox 2397 3866 2614 3942; x_wconf 87' lang='lat' dir='ltr'><strong>Atque</strong></span> 
     </span>
     <span class='ocr_line' id='line_1_41' title="bbox 476 3940 2614 4044; baseline -0.003 -24"><span class='ocrx_word' id='word_1_359' title='bbox 476 3962 558 4034; x_wconf 80' lang='lat' dir='ltr'><strong>ita</strong></span> <span class='ocrx_word' id='word_1_360' title='bbox 582 3958 711 4025; x_wconf 74' lang='lat' dir='ltr'><strong>boe,</strong></span> <span class='ocrx_word' id='word_1_361' title='bbox 739 3966 839 4014; x_wconf 87' lang='lat' dir='ltr'><strong>aut</strong></span> <span class='ocrx_word' id='word_1_362' title='bbox 868 3955 1024 4013; x_wconf 85' lang='lat' dir='ltr'><strong>aliud</strong></span> <span class='ocrx_word' id='word_1_363' title='bbox 1047 3940 1368 4044; x_wconf 79' lang='lat' dir='ltr'><strong>quodlibet</strong></span> <span class='ocrx_word' id='word_1_364' title='bbox 1363 3979 1574 4037; x_wconf 88' lang='lat' dir='ltr'><strong>pecus,</strong></span> <span class='ocrx_word' id='word_1_365' title='bbox 1597 3980 1660 4018; x_wconf 88' lang='lat' dir='ltr'><strong>se</strong></span> <span class='ocrx_word' id='word_1_366' title='bbox 1685 3959 1890 4039; x_wconf 82' lang='lat' dir='ltr'><strong>ipsum</strong></span> <span class='ocrx_word' id='word_1_367' title='bbox 1899 3959 2089 4021; x_wconf 84' lang='lat' dir='ltr'><strong>elixat.</strong></span> <span class='ocrx_word' id='word_1_368' title='bbox 2131 3959 2440 4036; x_wconf 82' lang='lat' dir='ltr'><strong>Postquam</strong></span> <span class='ocrx_word' id='word_1_369' title='bbox 2461 3955 2614 4037; x_wconf 80' lang='lat' dir='ltr'><strong>elixae</strong></span> 
     </span>
     <span class='ocr_line' id='line_1_42' title="bbox 478 4031 2616 4134; baseline -0.003 -23"><span class='ocrx_word' id='word_1_370' title='bbox 478 4060 613 4112; x_wconf 86' lang='lat' dir='ltr'><strong>sunt</strong></span> <span class='ocrx_word' id='word_1_371' title='bbox 638 4066 867 4125; x_wconf 51' lang='lat' dir='ltr'><strong>earnm,</strong></span> <span class='ocrx_word' id='word_1_372' title='bbox 888 4058 1027 4105; x_wconf 88' lang='lat' dir='ltr'><strong>tunc</strong></span> <span class='ocrx_word' id='word_1_373' title='bbox 1042 4047 1091 4106; x_wconf 92' lang='lat' dir='ltr'><strong>is</strong></span> <span class='ocrx_word' id='word_1_374' title='bbox 1111 4046 1207 4125; x_wconf 87' lang='lat' dir='ltr'><strong>qui</strong></span> <span class='ocrx_word' id='word_1_375' title='bbox 1228 4066 1448 4134; x_wconf 75' lang='lat' dir='ltr'><strong>sacrum</strong></span> <span class='ocrx_word' id='word_1_376' title='bbox 1468 4051 1624 4121; x_wconf 88' lang='lat' dir='ltr'><strong>facit,</strong></span> <span class='ocrx_word' id='word_1_377' title='bbox 1647 4070 1682 4110; x_wconf 88' lang='lat' dir='ltr'><strong>a</strong></span> <span class='ocrx_word' id='word_1_378' title='bbox 1697 4052 1940 4124; x_wconf 84' lang='lat' dir='ltr'><strong>carnium</strong></span> <span class='ocrx_word' id='word_1_379' title='bbox 1961 4061 2023 4110; x_wconf 90' lang='lat' dir='ltr'><strong>et</strong></span> <span class='ocrx_word' id='word_1_380' title='bbox 2039 4051 2326 4124; x_wconf 80' lang='lat' dir='ltr'><strong>viscerum</strong></span> <span class='ocrx_word' id='word_1_381' title='bbox 2344 4031 2616 4127; x_wconf 80' lang='lat' dir='ltr'><strong>prosectis</strong></span> 
     </span>
     <span class='ocr_line' id='line_1_43' title="bbox 479 4134 2612 4220; baseline -0.003 -16"><span class='ocrx_word' id='word_1_382' title='bbox 479 4141 834 4220; x_wconf 87' lang='lat' dir='ltr'><strong>auspicatur,</strong></span> <span class='ocrx_word' id='word_1_383' title='bbox 848 4149 981 4198; x_wconf 89' lang='lat' dir='ltr'><strong>ante</strong></span> <span class='ocrx_word' id='word_1_384' title='bbox 1007 4159 1071 4208; x_wconf 81' lang='lat' dir='ltr'><strong>se</strong></span> <span class='ocrx_word' id='word_1_385' title='bbox 1100 4158 1171 4198; x_wconf 88' lang='lat' dir='ltr'><strong>ea</strong></span> <span class='ocrx_word' id='word_1_386' title='bbox 1205 4138 1529 4218; x_wconf 87' lang='lat' dir='ltr'><strong>projiciens.</strong></span> <span class='ocrx_word' id='word_1_387' title='bbox 1609 4143 1926 4204; x_wconf 88' lang='lat' dir='ltr'><strong>Immolant</strong></span> <span class='ocrx_word' id='word_1_388' title='bbox 1935 4134 2140 4203; x_wconf 74' lang='lat' dir='ltr'><strong>autem</strong></span> <span class='ocrx_word' id='word_1_389' title='bbox 2155 4151 2215 4202; x_wconf 91' lang='lat' dir='ltr'><strong>et</strong></span> <span class='ocrx_word' id='word_1_390' title='bbox 2253 4141 2365 4201; x_wconf 89' lang='lat' dir='ltr'><strong>alia</strong></span> <span class='ocrx_word' id='word_1_391' title='bbox 2379 4157 2612 4220; x_wconf 86' lang='lat' dir='ltr'><strong>pecora,</strong></span> 
     </span>
     <span class='ocr_line' id='line_1_44' title="bbox 475 4232 2400 4324; baseline -0.006 -31"><span class='ocrx_word' id='word_1_392' title='bbox 475 4236 581 4296; x_wconf 89' lang='lat' dir='ltr'><strong>sed</strong></span> <span class='ocrx_word' id='word_1_393' title='bbox 606 4232 849 4298; x_wconf 85' lang='lat' dir='ltr'><strong>maxime</strong></span> <span class='ocrx_word' id='word_1_394' title='bbox 874 4251 2400 4324; x_wconf 80' lang='lat' dir='ltr'><strong>equos..</strong></span> 
     </span>
    </p>

    <p class='ocr_par' dir='ltr' id='par_1_10' title="bbox 556 4303 2614 4402">
     <span class='ocr_line' id='line_1_45' title="bbox 556 4303 2614 4402; baseline -0.003 -15"><span class='ocrx_word' id='word_1_395' title='bbox 556 4330 655 4387; x_wconf 78' lang='lat'><strong>62.</strong></span> <span class='ocrx_word' id='word_1_396' title='bbox 700 4323 941 4384; x_wconf 82' lang='lat' dir='ltr'><strong>Caeteris</strong></span> <span class='ocrx_word' id='word_1_397' title='bbox 970 4313 1155 4401; x_wconf 80' lang='lat' dir='ltr'><strong>ig&#39;itur</strong></span> <span class='ocrx_word' id='word_1_398' title='bbox 1199 4323 1305 4384; x_wconf 90' lang='lat' dir='ltr'><strong>diis</strong></span> <span class='ocrx_word' id='word_1_399' title='bbox 1348 4324 1581 4402; x_wconf 77' lang='lat' dir='ltr'><strong>Scythae</strong></span> <span class='ocrx_word' id='word_1_400' title='bbox 1607 4326 1708 4396; x_wconf 84' lang='lat' dir='ltr'><strong>ita,</strong></span> <span class='ocrx_word' id='word_1_401' title='bbox 1738 4339 1803 4386; x_wconf 90' lang='lat' dir='ltr'><strong>ut</strong></span> <span class='ocrx_word' id='word_1_402' title='bbox 1840 4327 1972 4401; x_wconf 84' lang='lat' dir='ltr'><strong>dixi,</strong></span> <span class='ocrx_word' id='word_1_403' title='bbox 1996 4303 2354 4400; x_wconf 79' lang='lat' dir='ltr'><strong>sacrificant,</strong></span> <span class='ocrx_word' id='word_1_404' title='bbox 2395 4335 2456 4384; x_wconf 89' lang='lat' dir='ltr'><strong>et</strong></span> <span class='ocrx_word' id='word_1_405' title='bbox 2496 4323 2614 4382; x_wconf 81' lang='lat' dir='ltr'><strong>haec</strong></span> 
     </span>
    </p>
   </div>
   <div class='ocr_carea' id='block_1_5' title="bbox 2753 1121 2760 3200">
    <p class='ocr_par' dir='ltr' id='par_1_11' title="bbox 2753 1121 2760 3200">
     <span class='ocr_line' id='line_1_46' title="bbox 2753 1121 2760 3200; baseline 0 0"><span class='ocrx_word' id='word_1_406' title='bbox 2753 1121 2760 3200; x_wconf 95' lang='lat' dir='ltr'><strong> </strong></span> 
     </span>
    </p>
   </div>
  </div>
 </body>
</html>
