2817 4792
391 251 398 260 ·
446 230 524 296 73
938 234 954 244 ·
1036 229 1478 294 ΗΕιιουοΤι
1516 227 1856 308 ιιιει-οιι.
1901 184 1979 292 ιι.

437 355 622 422 tinere
647 357 954 436 AEgyptum
971 357 1134 420 aiunt
1143 375 1326 437 usque
1345 359 1423 420 ad
1444 359 1821 434 Cercasorum
1848 361 2141 440 oppidum,
2155 359 2233 422 ad
2252 359 2415 440 quod
2432 381 2588 424 smn-

403 515 414 530 ,
439 447 595 512 ditur
623 448 808 516 Nilus,
819 449 1042 526 partim:
1062 450 1349 519 Pelusium
1375 470 1572 510 versus
1598 452 1805 523 fluens,
1834 452 2033 530 partim
2064 453 2407 524 Canobum;
2449 455 2581 516 reli-

437 558 578 616 quos
626 552 817 598 autem
859 559 1054 600 omnes
1083 541 1316 620 AEgypti
1355 553 1593 614 tractus,
1634 543 1775 605 alios
1808 543 2015 623 Libyae
2048 563 2176 606 esse
2214 544 2395 622 aiunt,
2436 546 2581 604 alios

439 629 665 690 Arabioe
686 655 702 688 ι
735 631 871 700 ,1ι3ε,
899 632 1147 709 iuquam,
1186 633 1406 700 natione
1432 632 1651 692 utendo
1688 615 2077 708 demonstrare
2108 655 2431 716 possemus,
2459 635 2582 718 nul-

433 721 548 780 lam
575 722 708 783 olim
743 733 951 787 terram
977 723 1238 784 habuisse
1278 723 1619 802 AEgyptios,
1602 749 1617 764 ·
1654 725 2115 804 quandoquidem
2142 727 2322 788 Delta
2344 727 2485 800 hoc,
2514 737 2580 788 ut

435 813 542 892 ipsi
583 811 880 876 adfirmant
923 815 1196 894 AEgyptii,
1241 827 1421 894 utque
1460 812 1597 890 mihi
1640 817 1888 886 videtur,
1924 817 2142 878 adluta
2162 811 2314 878 terra
2353 829 2469 888 est,
2518 811 2577 875 e't

431 903 630 981 (verbo
677 919 744 968 ut
783 906 994 981 dicam)
1035 925 1233 984 nuper
1261 916 1451 980 enata.
1545 909 1721 974 Quod
1760 909 1809 968 si
1848 897 2021 988 igitur
2073 893 2229 968 33113
2274 909 2413 970 olim
2468 907 2577 969 fuit

434 998 834 1076 AEgyptiorum
852 1008 1021 1068 terra,
1047 1017 1190 1076 quas
1207 998 1441 1068 tandem
1462 1017 1642 1078 nugas
1662 1013 1926 1096 egerunt,
1955 1002 2164 1079 primos
2184 999 2247 1060 s'e
2272 987 2577 1085 hominum

374 1127 388 1136 ·
429 1089 626 1154 fuisse.
633 1089 1066 1152 existimantes?
1109 1088 1240 1149 Nec
1267 1108 1403 1148 vero
1429 1091 1739 1169 oportebat
1752 1111 1859 1150 eos
1886 1093 2343 1200 experimentum
2372 1093 2574 1175 facere,

431 1184 492 1242 in
533 1183 800 1286 pueruli-s,
843 1201 1148 1260 quemnam
1187 1201 1515 1253 sermonem
1552 1184 1799 1279 primum
1838 1195 2041 1264 esseut
2070 1185 2354 1252 emissori.
2391 1167 2575 1262 Ego

430 1297 572 1338 varo
597 1275 878 1344 existimo,
901 1273 1218 1375 AEgyptios
1227 1294 1345 1333 non
1369 1270 1557 1334 simul
1576 1295 1709 1344 cum
1737 1277 1931 1347 Delta,
1960 1278 2124 1357 quod
2140 1277 2311 1336 Iones
2337 1277 2573 1350 vocant,

433 1369 710 1446 originem
739 1364 989 1443 cepisse,
1025 1364 1162 1442 quin
1187 1365 1387 1443 potius
1418 1383 1646 1443 semper
1670 1367 1971 1448 exstitisse,
2012 1386 2087 1426 ex
2114 1387 2231 1446 quo
2268 1368 2571 1440 hominum

431 1460 652 1524 exstitit
689 1477 912 1538 genus-3
951 1467 1252 1536 postquam
1279 1477 1415 1516 vero
1436 1458 1771 1535 proluvione
1797 1470 1969 1518 aucta
2006 1458 2115 1520 fuit
2152 1479 2351 1522 eorum
2378 1471 2567 1529 terra,

428 1555 648 1618 multos
663 1549 899 1630 quidem
915 1568 1111 1610 eorum
1135 1549 1196 1606 in
1221 1541 1465 1626 pristinis
1490 1549 1718 1610 sedibus
1743 1551 2037 1622 mansisse,
2052 1551 2192 1610 alios
2206 1569 2341 1618 vero
2368 1551 2571 1632 paula-

403 1665 405 1668 ⁴
427 1647 738 1706 universus
747 1639 1012 1700 inferiora
1023 1640 1408 1710 descendisse.
1441 1639 1624 1700 Olim·
1606 1640 1779 1717 igitur
1797 1641 2067 1712 Thebais,
2087 1643 2371 1726 AEgyptus
2386 1641 2571 1708 nomif

425 1737 694 1803 nubatur,
677 1758 692 1774 ·
713 1737 884 1836 cujus.
895 1742 988 1790 est
1009 1730 1283 1801 circuitus
1293 1731 1480 1790 sexies
1496 1731 1652 1804 mille
1679 1742 1909 1794 centum
1928 1743 1991 1796 et
2016 1732 2213 1811 viginti
2229 1733 2565 1794 stadiorum.

431 1875 440 1888 .
511 1825 604 1892 16.
645 1823 816 1892 Quod
839 1823 888 1884 si
913 1823 1084 1900 igitur
1109 1842 1214 1881 nos
1234 1833 1388 1882 recte
1415 1823 1490 1881 de
1516 1822 1603 1882 his
1624 1823 1937 1894 statuimuS,
1960 1819 2133 1884 Iones
2156 1843 2273 1898 non
2292 1835 2459 1884 recte
2484 1824 2565 1889 de

317 1987 326 1992 ,
429 1923 694 1998 AEgypto
713 1915 1014 1974 sentiunt.
1083 1913 1184 1972 Sin
1227 1933 1362 1973 vera
1411 1923 1502 1982 est
1552 1913 1761 1974 Ionum
1808 1915 2111 1984 sententia,
2156 1901 2591 2002 demonstrabo·

427 2011 711 2092 equidem,
739 2008 1000 2070 Graecos
1008 2013 1067 2090 et
1090 2005 1248 2082 ipsos
1276 2005 1449 2078 Ionas
1474 2005 1698 2069 nescire
1726 2019 2059 2087 computare
2084 2027 2367 2067 numeros.
2410 2007 2560 2070 Nam

427 2123 600 2182 quum
627 2112 744 2159 tres
771 2117 894 2162 esse
932 2096 1126 2160 dicant
1151 2095 1431 2156 universae
1455 2106 1627 2158 terrae
1662 2109 1877 2175 parteS,
1908 2099 2218 2177 Europam,
2258 2085 2471 2182 Asiam,
2500 2107 2559 2158 et

421 2195 704 2273 Libyam;
719 2190 1040 2268 oportebat
1061 2205 1198 2245 sane
1224 2187 1312 2246 his
1333 2198 1593 2266 quartam
1622 2189 2023 2262 adnumerare,
2054 2190 2233 2250 Delta
2261 2175 2559 2294 AEgyptia7

424 2302 595 2355 cum-4
623 2284 683 2342 si
708 2281 942 2362 quide-m
961 2285 1060 2356 (ut
1084 2279 1255 2339 iidem
1283 2280 1343 2338 hi
1371 2279 1551 2356 aiunt)
1574 2299 1683 2340 nec
1710 2281 1865 2342 Asiae
1892 2283 2045 2350 illud
2058 2292 2165 2350 est,
2194 2299 2303 2340 nec
2328 2267 2561 2360 Libya:

425 2379 598 2448 Nam,
625 2374 936 2435 secundum
962 2372 1113 2431 hanc
1135 2373 1330 2449 utique
1355 2372 1657 2446 ι3ιίοιιειιι,
1684 2393 1797 2430 non
1836 2357 2003 2432 Nilus
2038 2384 2125 2432 est
2149 2373 2249 2452 qui
2289 2373 2485 2432 Asiam
2522 2392 2562 2456 3

422 2468 610 2548 Libya
629 2463 1033 2526 ι113ιειιιιίιι3ιι·
1063 2462 1190 2537 sed,
1209 2482 1382 2540 quum
1399 2463 1555 2522 circa
1576 2462 1797 2542 apicem
1814 2463 1979 2540 hujus
1994 2464 2205 2532 Delta
2188 2485 2248 2525 ιιι
2268 2449 2427 2534 duas.
2420 2483 2555 2552 par·

419 2573 510 2624 tos
521 2562 813 2637 frangatur
831 2555 1018 2626 Nilus,
1035 2573 1384 2632 consequens
1401 2565 1568 2622 estut
1578 2555 1730 2652 inter
1748 2555 1937 2616 Asiam
1956 2567 2015 2614 et
2037 2541 2281 2636 Libyam
2298 2547 2553 2642 medium

423 2653 604 2722 Delta
627 2651 700 2712 sit
711 2650 1085 2723 interjectum.
1229 2707 1234 2712 ,

420 2789 434 2827 .·
506 2752 602 2812 17.
645 2743 764 2804 Sed
791 2743 993 2803 Ionum
1035 2739 1356 2808 omittamus
1383 2739 1747 2844 opinionem·
1786 2761 1891 2802 nos
1932 2761 2069 2802 vero
2096 2741 2169 2802 de
2203 2742 2293 2802 his
2330 2742 2413 2826 ita
2436 2751 2553 2810 sta-2

419 2841 645 2902 mimus.
741 2834 1093 2912 AEgyptum
1115 2830 1356 2892 dicimus
1391 2851 1531 2906 esse
1586 2832 1906 2892 universam
1951 2833 2097 2892 hanc
2140 2834 2431 2912 regionem
2465 2833 2553 2900 -31)

423 2929 703 3012 Egyptiis
737 2927 1064 2990 habitatam,
1095 2902 1574 3002 quemadmodum
1618 2925 1869 3005 Ciliciam
1905 2945 2043 3007 quae
2080 2945 2147 2985 3
2144 2926 2453 2996 Cilicibus,
2492 2934 2551 2982 et

421 3023 721 3103 'Assyriam
746 3039 876 3098 quae
903 3017 974 3076 ab
1001 3005 1276 3100 Assyriis.
1353 3015 1625 3108 Limitem
1648 3036 1787 3075 vero
1813 3016 1943 3098 qui
1940 3017 2141 3086 Asiam
2166 3017 2203 3076 a
2222 3017 2415 3096 Libya
2442 3013 2553 3078 ὦδε

337 3176 346 3180 ,
414 3115 704 3188 terminet,
726 3121 942 3171 rectam
969 3108 1016 3167 si
1034 3125 1344 3184 sequamur
1353 3102 1669 3180 rationem,
1697 3093 1915 3190 nullum
1942 3108 2115 3166 alium
2140 3107 2425 3180 novimus,
2443 3105 2553 3172 nisi

417 3203 810 3284 AEgyptiorum
830 3201 992 3280 fines.
1073 3199 1176 3258 Sin
1210 3217 1286 3256 ea
1308 3197 1525 3256 ratione
1544 3210 1787 3269 utamur,
1810 3217 1979 3280 quam
2002 3196 2197 3258 Graeci
2218 3208 2546 3287 sequuntur,

415 3295 730 3358 statuemus
769 3293 1080 3369 AEgyptum
1106 3289 1445 3360 universam,
1486 3290 1706 3348 initium
1733 3300 2050 3350 sumentem
2080 3311 2116 3350 a
2144 3283 2465 3370 Catadupis
2488 3301 2546 3350 et
2652 3351 2665 3362 ,

415 3369 805 3466 Elephantine
819 3381 1050 3460 oppido,
1077 3381 1137 3438 in
1161 3379 1302 3442 duas
1330 3381 1513 3440 secari
1530 3393 1741 3460 partes,
1770 3393 1831 3442 et
1854 3393 2171 3468 utrumque
2183 3403 2403 3444 nomen
2408 3376 2546 3462 par&

409 3479 684 3558 ticipare·
723 3474 958 3534 alteram
985 3472 1132 3536 enim
1154 3473 1278 3547 ejus
1296 3483 1516 3550 partem
1541 3473 1775 3534 Africae·
1784 3494 1959 3552 esse,
1960 3476 2196 3536 alteram
2222 3461 2403 3542 Asi'ae.
2443 3473 2546 3534 Ni-

407 3573 498 3630 lus
513 3569 680 3637 euim,
697 3577 996 3644 postquam
1011 3563 1089 3622 ad
1111 3563 1408 3642 Catadupa
1434 3565 1757 3644 AEgyptum
1776 3568 2021 3645 primum
2034 3566 2276 3634 intravit,
2293 3567 2547 3637 mediam

407 3657 568 3722 illam
590 3658 845 3718 dividens
871 3654 1037 3715 fluit
1023 3674 1082 3710 m
1109 3673 1304 3722 mare.
1354 3656 1555 3734 Usque
1582 3655 1657 3716 ad
1686 3651 2059 3740 Cercasorum
2084 3659 2258 3736 igitur
2272 3647 2548 3741 oppidum

409 3759 527 3814 n'ou
551 3751 658 3810 nisi
684 3751 802 3808 u'uo
821 3747 996 3806 alveo
1022 3745 1184 3806 fluit.
1227 3746 1312 3804 31)
1317 3745 1437 3806 hoc
1464 3767 1599 3806 vero
1626 3737 1841 3828 oppido
1867 3763 1985 3811 tres
2008 3751 2069 3810 in
2100 3751 2217 3810 vias
2242 3739 2538 3816 scinditur,

409 3860 650 3924 quarum
673 3859 790 3908 una
811 3839 1092 3905 orientem
1113 3856 1312 3912 versus
1331 3839 1537 3908 tendit,
1568 3839 1722 3920 quod
1750 3841 2023 3902 Pelusium
2049 3843 2241 3901 ostium
2265 3851 2541 3913 vocatum

407 3938 588 3998 alteru
611 3934 704 3992 via
733 3931 1095 3990 occidentem
1123 3948 1316 3988 versus
1344 3930 1605 4002 tendens,
1639 3927 1955 3992 Canobicum
1980 3931 2299 3994 nominatur
2316 3934 2541 4021 ostium.

409 4028 564 4094 Qum
577 4033 764 4084 autem
791 4021 906 4080 Nili
926 4019 1016 4078 via
1029 4029 1190 4092 recta
1207 4019 1600 4104 progreditur,
1612 4021 1741 4082 hoec
1756 4037 1893 4086 est=
1902 4035 2238 4108 postquam
2260 4042 2295 4082 e
2320 4023 2538 4102 superi·

406 4137 505 4177 ore
529 4116 764 4196 regione
791 4105 1030 4180 delatus,
1059 4111 1136 4170 ad
1167 4109 1392 4189 apicem
1403 4111 1569 4172 illius
1596 4113 1773 4173 Delta
1808 4099 2086 4194 pervenit,
2126 4114 2259 4172 inde
2284 4115 2538 4175 medium

403 4207 582 4269 Delta
599 4202 895 4272 scindens
879 4222 938 4260 ιιι
956 4219 1110 4271 mare
1135 4201 1320 4276 undas
1345 4221 1480 4268 suas
1508 4215 1799 4284 exonerat,
1826 4225 1935 4266 nec
1960 4205 2247 4292 minimam
2262 4215 2542 4284 aquarum

405 4300 744 4379 portionem,
765 4313 872 4356 nec
889 4292 1120 4368 minime
1135 4293 1471 4374 notabilem,
1492 4292 1624 4356 huic
1642 4296 1747 4356 viae
1765 4297 2055 4400 tribuens.
2085 4316 2215 4375 quae
2235 4295 2537 4374 Sebennyti-
