2817 4792
1103 278 1114 292 ··
1180 255 1655 332 URANIA·.-··
1744 289 1765 302 ·-
1889 287 1905 302 ν
2322 249 2476 350 ⁷427

236 394 508 471 Xerxe:
539 395 961 474 -namque‘hoe
982 395 1034 456 si
1059 395 1186 456 fieri
1225 407 1396 476 posse
1436 396 1839 475 intelligerem,
1879 412 2185 474 numquam
2226 395 2305 456 ad
2334 417 2441 466 ros

231 479 590 562 hujusmodi
615 501 748 548 'cum
779 499 1044 548 sermone
1071 487 1369 549 venissem.
1453 488 1561 550 Est
1602 481 1754 548 enim
1799 487 1984 566 Regis
2020 487 2281 567 potentia
2314 488 2441 567 plus

237 599 442 656 quam
467 579 736 648 humana,
757 589 830 638 ‘et
853 589 1058 640 manus
1086 599 1260 656 supra
1277 579 1591 658 quamdici
1621 591 1819 658 potest
1843 580 2039 658 longa.
2062 643 2069 649 ‚
2114 581 2313 645 Quare
2332 579 2447 651 nisi-

238 687 514 750 propere
539 671 732 732 foedus
759 691 890 732 cum
919 691 992 732 eo
1019 672 1257 732 inieritis
1282 669 1515 751 quando
1542 682 1703 734 tanta
1720 672 1881 732 vobis
1901 672 2225 744 commoda,
2262 667 2312 732 si
2338 685 2442 751 pai.-

237 762 402 822 cisci
424 782 558 822 cum
583 783 658 823 eo
676 763 986 835 volueritis,
1017 764 1320 842 pollicetur
1339 785 1360 838 ;
1398 763 1773 842 timeqvobis,
1796 765 1901 840 qui
1922 781 2043 841 prae
2065 763 2297 842 reliquis
2316 771 2440 834 om'y

237 854 432 938 nibus
459 855 632 915 sociis
660 856 902 916 maxime
929 855 986 916 in‘
1015 857 1106 916 via
1132 855 1384 937 expositi
1413 855 1569 926 estis,
1597 874 1939 934 semperque
1975 856 2084 914 soli
2107 855 2436 934 perdimini,

238 946 482 1026 quippe
509 947 728 1006 'terram
755 947 1078 1010 incolentes
1105 967 1236 1026 quse
1263 967 1404 1027 proe„
1424 947 1650 1008 caeteris
1686 946 1861 1006 veluti
1897 947 2235 1010 inter'duas
2274 949 2434 1012 acies

239 1038 452 1098 media
469 1039 774 1118 interjecta
799 1051 908 1100 est.
991 1042 1077 1100 At
1097 1059 1314 1102 morem
1341 1031 1560 1118 gerite!
1601 1035 1835 1098 Etenim
1863 1033 2283 1114 maxitui'uobis
2309 1059 2434 1106 mo,-

230 1131 438 1190 menti
463 1151 556 1190 res
575 1135 686 1202 est,
715 1131 764 1197 si
791 1133 930 1192 Rex
945 1153 1188 1212 magnus
1209 1132 1368 1194 vobis
1394 1132 1531 1192 solis
1560 1151 1633 1189 ex
1655 1131 1927 1212 omnibus
1941 1127 2165 1192 Graecis
2178 1144 2435 1212 peccata,

221 1221 628 1296 condonans,
637 1223 944 1284 amicitiam
959 1225 1266 1288 'vobiscum
1291 1225 1416 1288 vult
1444 1207 1807 1290 contrahere.
1812 1223 1845 1248 '³
1926 1223 2083 1284 Haee
2102 1224 2430 1351 Alexandri

231 1313 359 1374 'fuit
383 1317 592 1378 oratio.
779 1371 786 1376 .
979 1363 984 1368 -

241 1439 246 1444 ·
331 1411 469 1470 141.
495 1409 931 1470 Lacedaemonii
954 1429 1096 1471 vero
1115 1421 1181 1472 ut
1208 1411 1479 1472 audivere
1503 1375 1891 1471 Alexandrum
1916 1383 2181 1472 Athenas
2200 1389 2429 1481 venisse

227 1501 651 1578 ‘persuasurum
675 1502 1132 1564 Atheniensibus
1149 1513 1215 1562 ut
1231 1501 1463 1562 foedus
1443 1521 1575 1561 cum
1598 1494 1854 1564 Barbare
1870 1502 2121 1574 faciant}
2140 1514 2429 1579 memores

223 1591 627 1664 oraculorum,
653 1599 784 1672 quoe
811 1594 1235 1673 praedixerant
1222 1614 1278 1652 m
1315 1594 1451 1654 fatis
1478 1607 1609 1658 esse,
1631 1605 1697 1652 ut
1724 1593 1831 1673 ipsi
1870 1613 2002 1653 cum
2030 1591 2271 1658 caeteris·
2298 1596 2425 1658 Dea

237 1683 530 1744 riensibus
555 1704 594 1744 a
633 1685 831 1746 Medis
859 1696 918 1744 et
955 1686 1413 1748 Atheniensibus
1452 1685 1861 1764 Peloponneso
1900 1685 2233 1762 ejiciantur,
2246 1687 2425 1764 velie-,1

225 1779 470 1836 'menter‘
496 1776 812 1838 timuerunt
839 1797 915 1838 ne
943 1797 1075 1838 cum
1105 1778 1284 1838 Persa
1311 1778 1649 1840 societatem
1693 1777 2081 1838 Athenienses
2117 1779 2421 1839 contrahe-

234 1873 390 1937 rent,
421 1879 482 1927 et
505 1889 752 1948 propere
777 1869 1012 1948 legatos
1043 1871 1308 1934 Athenas
1347 1871 1578 1930 mittere
1616 1859 2019 1930 decreverunt.
2102 1871 2293 1949 Atque
2333 1872 2417 1942 ita

235 1958 510 2038 contigit,
540 1972 606 2020 ut
632 1960 860 2040 utrique
886 1962 1056 2023 simul
1079 1963 1162 2043 (in
1181 1963 1471 2038 senatum)
1495 1962 2025 2022 introducerentur..
2092 1963 2419 2043 Exspecta7

231 2063 442 2132 verant
473 2053 624 2112 enim
662 2053 1052 2116 Athenienses
1080 2068 1140 2114 et
1165 2075 1356 2116 moras
1383 2065 1698 2125 traxerant,
1725 2055 1877 2114 bene
1904 2055 2071 2134 gnari
2100 2055 2417 2134 rescituros

232 2143 718 2204 Lacedaemonios
747 2146 972 2206 venisse
995 2167 1032 2206 a
1057 2147 1316 2208 Barbam
1341 2147 1620 2208 nuncium
1640 2146 1721 2206 *ad
1748 2167 1951 2226 pacem
1980 2148 2413 2230 conciliandam,

224 2245 424 2314 ‘eaque
449 2255 514 2295 re
542 2237 776 2316 'cognita
801 2239 1060 2318 protinus
1085 2239 1308 2320 legatos
1336 2239 1627 2300 missuros.
1670 2241 1867 2305 Quare
1894 2237 2161 2302 consulto
2184 2243 2417 2320 tempus

224 2327 544 2398 fluxerant,
571 2348 688 2406 quo
709 2330 1052 2390 sententiam
1076 2351 1237 2392 suam
1265 2319 1726 2390 Lacedaemoniis
1750 2331 2131 2394 declararent.
2342 2393 2345 2398 ,

323 2423 460 2480 142.
503 2420 622 2480 Ubi
641 2421 839 2499 -·igitur
874 2421 1102 2482 dicendi
1128 2422 1302 2484 finem
1331 2423 1663 2486 Alexander
1688 2421 1850 2492 fecit,
1892 2416 2217 2484 sermonem
2247 2422 2413 2484 excia-

229 2511 456 2602 pient'es
483 2505 749 2589 Spartani
775 2515 966 2591 legati,
992 2515 1052 2572 in
1078 2514 1234 2574 hunc
1255 2514 1493 2576 modum
1512 2525 1647 2574 sunt
1666 2509 1877 2574 locuti:
1924 2523 1959 2552 “
1986 2513 2409 2585 Miserunt-nos

228 2604 660 2666 Lacedaemonii
702 2606 980 2684 petituros
1005 2626 1044 2666 a
1069 2607 1248 2677 vobis,
1276 2627 1355 2667 ne
1381 2607 1523 2684 quid
1560 2623 1834 2666 novarum
1870 2625 2059 2668 rerum
2086 2607 2145 2666 in
2170 2607 2411 2682 Graecia
2468 2651 2475 2658 .

229 2696 530 2803 moveatis,
568 2705 771 2802 neque
813 2697 1170 2758 conditiones
1211 2697 1529 2759 admittatis
1578 2717 1615 2756 a
1654 2697 1912 2758 Barbare
1951 2696 2115 2760 vobis
2160 2698 2405 2768 oblatas,

231 2788 382 2847 Nam
411 2799 472 2848 et
505 2787 916 2866 iniquissimum
941 2790 1056 2850 hoc
1074 2789 1270 2860 foret3
1311 2801 1372 2874 et
1411 2789 1535 2850 aliis
1561 2789 1795 2867 quidem
1820 2788 1996 2848 etiam
2025 2787 2249 2850 Graecis
2278 2808 2403 2848 om·-

228 2880 414 2950 nibus,
441 2880 552 2940 sed
575 2881 736 2940 vobis
773 2881 1020 2944 maxime
1059 2882 1332 2952 omnium,
1375 2881 1673 2958 indignum
1714 2889 1773 2940 et
1810 2878 2183 2964 indecorum;
2220 2880 2401 2958 idque

227 2972 418 3032 multis
445 2971 554 3031 de
547 2973 782 3032 caussis.
865 2972 1020 3034 Nam
1045 2973 1263 3033 bellum
1288 2973 1398 3032 hoc
1426 2993 1545 3042 vos,
1582 2971 1769 3032 invitis
1806 2972 1989 3044 nobis,
2022 2971 2403 3040 (ὲοιιιιὶιιιιιιίιιτι

219 3067 288 3123 et
307 3064 471 3123 initio
497 3064 573 3123 de
599 3071 791 3124 vestra
817 3065 1004 3124 solum
1039 3077 1194 3126 terra
1223 3076 1517 3128 certamen
1546 3065 1672 3136 fuit,
1703 3083 1859 3124 nunc
1886 3083 2028 3124 vero
2052 3061 2171 3126 ad
2170 3063 2396 3132 univetx

223 3159 356 3216 'sam
372 3157 542 3235 etiam
571 3156 824 3235 pertinet
851 3157 1162 3218 Graeciam.
1243 3158 1391 3223 Quae
1411 3176 1591 3236 quum
1610 3157 1690 3216 ita
1710 3156 1842 3248 sint,
1864 3166 2025 3219 tanto
2046 3155 2227 3235 magis
2244 3145 2403 3224 foret

222 3248 600 3321 intolerabile,
621 3249 672 3308 si
697 3249 985 3310 servitutis
1021 3261 1292 3311 auctores
1319 3248 1545 3312 Graecis
1584 3236 1791 3313 fierent
1818 3247 2260 3320 Athenienses·
2293 3248 2421 3329 qui,

219 3353 446 3419 'semper
497 3347 559 3402 et
612 3345 736 3418 jam
791 3360 828 3400 a
879 3341 1083 3420 priscis
1134 3340 1489 3420 temporibus
1542 3340 1733 3419 palam
1777 3339 2057 3406 libertatis
2112 3341 2387 3413 auctores

217 3433 406 3492 'multis
431 3411 754 3494 hominibus
775 3434 1031 3494 fuerunt.
1115 3433 1292 3499 Quod
1319 3443 1509 3495 autem
1528 3451 1633 3492 vos
1660 3451 1781 3511 prae
1812 3432 2041 3491 caeteris
2068 3432 2183 3496 hoc
2224 3434 2387 3511 bellq

221 3524 554 3604 premimini‚
583 3537 644 3586 et
679 3525 932 3586 duorum
949 3531 1072 3602 jam
1097 3516 1378 3586 annorum
1403 3524 1694 3592 fructibus
1714 3522 1852 3582 estis
1880 3523 2119 3602 privati,
2138 3536 2202 3590 et
2237 3536 2387 3606 taing-

215 3617 316 3676 *diu
351 3621 474 3692 jam
499 3617 706 3676 domus
733 3628 811 3678 et·
836 3619 1087 3678 fortunae
1113 3623 1320 3679 'vestrae
1359 3635 1575 3680 eversae
1596 3615 1819 3694 jacent,
1864 3617 2243 3693 condolemus
2282 3619 2385 3679 ‘vo-2

219 3707 474 3770 hiscum:
495 3719 574 3768 et
599 3721 908 3788 propterea
946 3709 1286 3789 profitentur
1312 3707 1473 3768 vobis
1514 3707 1911 3789 recipiuntque
1949 3708 2383 3778 Lacedaemonii

219 3810 276 3858 et
301 3799 502 3877 reliqui
522 3801 684 3872 socii,
709 3802 947 3862 alituros
975 3822 1040 3862 se
1059 3820 1268 3863 uxores
1290 3811 1505 3866 vestras
1526 3811 1589 3859 et
1608 3800 1891 3880 quidquid
1904 3802 2107 3863 vestris
2134 3802 2194 3860 in
2211 3801 2385 3880 sami,

216 3885 298 3952 liis
323 3891 398 3950 ad
422 3892 637 3954 bellum
671 3904 760 3960 est
788 3893 1008 3964 inutile,
1030 3895 1222 3972 quoad
1249 3893 1464 3960 bellum
1492 3892 1607 3958 hoc
1628 3892 1971 3960 duraturum
1984 3895 2088 3953 es't.
2126 3893 2221 3958 Ne
2231 3914 2383 3960 vero.

215 3983 550 4044 Alexander
593 3986 850 4048 Macedo
889 3986 1157 4064 laevigato
1202 3983 1491 4050 Mardonii
1532 4003 1797 4044 sermone
1836 4003 1951 4044 vos
1984 3991 2384 4050 commoveat!

217 4067 370 4136 Huic
391 4076 544 4136 enim
569 4077 682 4138 hoc
699 4078 894 4140 facere
917 4079 1220 4148 conven1t;
1262 4076 1495 4156 quippe,
1518 4087 1794 4156 tyrannus
1814 4096 1991 4153 quum
2010 4075 2104 4146 sit,
2126 4075 2380 4156 tyranno,

211 4184 442 4247 operam
468 4180 724 4246 praestat.
807 4173 891 4252 At
917 4189 1018 4232 vos
1049 4189 1162 4229 non
1183 4169 1425 4240 facietis,
1450 4169 1497 4226 si
1519 4168 1756 4246 quidem
1776 4178 1937 4226 recte
1957 4166 2181 4245 sapitis;
2218 4169 2375 4240 liene

214 4261 388 4340 gnari,
424 4261 485 4326 in.
525 4263 796 4328 Barbaris
836 4283 947 4334 nec
973 4262 1148 4332 fidem
1188 4282 1297 4330 nee
1325 4259 1833 4330 veritatemessel’
1914 4259 2076 4336 Haee
2106 4259 2379 4348 Spartan}

214 4353 380 4442 legati.
411 4353 636 4420 dixere.
