<?xml version="1.0" encoding="UTF-8"?>
<!DOCTYPE html PUBLIC "-//W3C//DTD XHTML 1.0 Transitional//EN"
    "http://www.w3.org/TR/xhtml1/DTD/xhtml1-transitional.dtd">
<html xmlns="http://www.w3.org/1999/xhtml" xml:lang="en" lang="en">
 <head>
  <title>
</title>
<meta http-equiv="Content-Type" content="text/html;charset=utf-8" />
  <meta name='ocr-system' content='tesseract 3.04.00' />
  <meta name='ocr-capabilities' content='ocr_page ocr_carea ocr_par ocr_line ocrx_word'/>
</head>
<body>
  <div class='ocr_page' id='page_1' title='image "./herodotimussive00wessgoog_0260.png"; bbox 0 0 2817 4792; ppageno 0'>
   <div class='ocr_carea' id='block_1_1' title="bbox 426 331 2020 394">
    <p class='ocr_par' dir='ltr' id='par_1_1' title="bbox 426 331 2020 394">
     <span class='ocr_line' id='line_1_1' title="bbox 426 331 2020 394; baseline -0.001 -2"><span class='ocrx_word' id='word_1_1' title='bbox 426 337 545 394; x_wconf 77' lang='lat'>250</span> <span class='ocrx_word' id='word_1_2' title='bbox 1061 331 1510 393; x_wconf 88' lang='lat' dir='ltr'><strong>HERODOTI</strong></span> <span class='ocrx_word' id='word_1_3' title='bbox 1557 331 1895 392; x_wconf 84' lang='lat' dir='ltr'>HISTOR.</span> <span class='ocrx_word' id='word_1_4' title='bbox 1944 331 2020 391; x_wconf 91' lang='lat' dir='ltr'>V.</span> 
     </span>
    </p>
   </div>
   <div class='ocr_carea' id='block_1_2' title="bbox 346 453 2646 4517">
    <p class='ocr_par' dir='ltr' id='par_1_2' title="bbox 416 453 2614 1372">
     <span class='ocr_line' id='line_1_2' title="bbox 416 453 2614 541; baseline -0.004 -21"><span class='ocrx_word' id='word_1_5' title='bbox 416 457 548 534; x_wconf 19' lang='lat' dir='ltr'>‘bito</span> <span class='ocrx_word' id='word_1_6' title='bbox 574 459 798 527; x_wconf 73' lang='lat' dir='ltr'>studio:</span> <span class='ocrx_word' id='word_1_7' title='bbox 844 460 902 518; x_wconf 90' lang='lat' dir='ltr'>in</span> <span class='ocrx_word' id='word_1_8' title='bbox 928 461 1085 520; x_wconf 87' lang='lat' dir='ltr'>hunc</span> <span class='ocrx_word' id='word_1_9' title='bbox 1111 475 1305 521; x_wconf 85' lang='lat' dir='ltr'>autem</span> <span class='ocrx_word' id='word_1_10' title='bbox 1332 463 1569 522; x_wconf 88' lang='lat' dir='ltr'>modum</span> <span class='ocrx_word' id='word_1_11' title='bbox 1589 480 1710 522; x_wconf 84' lang='lat' dir='ltr'>rem</span> <span class='ocrx_word' id='word_1_12' title='bbox 1737 461 2017 541; x_wconf 83' lang='lat' dir='ltr'>perfioere</span> <span class='ocrx_word' id='word_1_13' title='bbox 2047 458 2262 536; x_wconf 75' lang='lat' dir='ltr'>co‘gito.</span> <span class='ocrx_word' id='word_1_14' title='bbox 2324 454 2438 514; x_wconf 87' lang='lat' dir='ltr'>Est</span> <span class='ocrx_word' id='word_1_15' title='bbox 2458 453 2614 512; x_wconf 82' lang='lat' dir='ltr'>mihi</span> 
     </span>
     <span class='ocr_line' id='line_1_3' title="bbox 425 543 2614 634; baseline -0.003 -21"><span class='ocrx_word' id='word_1_16' title='bbox 425 553 639 613; x_wconf 88' lang='lat' dir='ltr'>amicus</span> <span class='ocrx_word' id='word_1_17' title='bbox 670 553 1081 634; x_wconf 85' lang='lat' dir='ltr'>Artaphernes,</span> <span class='ocrx_word' id='word_1_18' title='bbox 1104 555 1413 634; x_wconf 79' lang='lat' dir='ltr'>Hystaspis</span> <span class='ocrx_word' id='word_1_19' title='bbox 1433 556 1603 625; x_wconf 87' lang='lat' dir='ltr'>filius,</span> <span class='ocrx_word' id='word_1_20' title='bbox 1626 554 1792 613; x_wconf 85' lang='lat' dir='ltr'>Darii</span> <span class='ocrx_word' id='word_1_21' title='bbox 1812 553 1968 632; x_wconf 84' lang='lat' dir='ltr'>regis</span> <span class='ocrx_word' id='word_1_22' title='bbox 1979 543 2180 621; x_wconf 79' lang='lat' dir='ltr'>frater,</span> <span class='ocrx_word' id='word_1_23' title='bbox 2199 549 2297 628; x_wconf 90' lang='lat' dir='ltr'>qui</span> <span class='ocrx_word' id='word_1_24' title='bbox 2315 551 2614 606; x_wconf 77' lang='lat' dir='ltr'>universae</span> 
     </span>
     <span class='ocr_line' id='line_1_4' title="bbox 423 640 2610 724; baseline -0.004 -21"><span class='ocrx_word' id='word_1_25' title='bbox 423 654 635 724; x_wconf 79' lang='lat' dir='ltr'>proeest</span> <span class='ocrx_word' id='word_1_26' title='bbox 662 664 778 703; x_wconf 85' lang='lat' dir='ltr'>orae</span> <span class='ocrx_word' id='word_1_27' title='bbox 802 645 981 716; x_wconf 79' lang='lat' dir='ltr'>Asiae,</span> <span class='ocrx_word' id='word_1_28' title='bbox 1008 657 1069 706; x_wconf 91' lang='lat' dir='ltr'>et</span> <span class='ocrx_word' id='word_1_29' title='bbox 1088 667 1454 706; x_wconf 90' lang='lat' dir='ltr'>numerosum</span> <span class='ocrx_word' id='word_1_30' title='bbox 1475 648 1650 706; x_wconf 87' lang='lat' dir='ltr'>habet</span> <span class='ocrx_word' id='word_1_31' title='bbox 1671 645 2007 715; x_wconf 86' lang='lat' dir='ltr'>exercitum,</span> <span class='ocrx_word' id='word_1_32' title='bbox 2030 660 2321 720; x_wconf 79' lang='lat' dir='ltr'>navesque</span> <span class='ocrx_word' id='word_1_33' title='bbox 2342 640 2568 698; x_wconf 64' lang='lat' dir='ltr'>mulm‘s</span> <span class='ocrx_word' id='word_1_34' title='bbox 2589 657 2610 696; x_wconf 71' lang='grc' dir='ltr'><strong>ε</strong></span> 
     </span>
     <span class='ocr_line' id='line_1_5' title="bbox 422 729 2608 818; baseline -0.004 -24"><span class='ocrx_word' id='word_1_35' title='bbox 422 734 581 795; x_wconf 81' lang='lat' dir='ltr'>hunc</span> <span class='ocrx_word' id='word_1_36' title='bbox 610 735 789 794; x_wconf 86' lang='lat' dir='ltr'>virum</span> <span class='ocrx_word' id='word_1_37' title='bbox 836 747 998 816; x_wconf 89' lang='lat' dir='ltr'>puto,</span> <span class='ocrx_word' id='word_1_38' title='bbox 1040 739 1201 816; x_wconf 86' lang='lat' dir='ltr'>quod</span> <span class='ocrx_word' id='word_1_39' title='bbox 1242 739 1520 818; x_wconf 88' lang='lat' dir='ltr'>cupimus,</span> <span class='ocrx_word' id='word_1_40' title='bbox 1565 757 1694 798; x_wconf 89' lang='lat' dir='ltr'>esse</span> <span class='ocrx_word' id='word_1_41' title='bbox 1743 737 2127 798; x_wconf 84' lang='lat' dir='ltr'>effecturum.’&#39;</span> <span class='ocrx_word' id='word_1_42' title='bbox 2209 733 2321 791; x_wconf 90' lang='lat' dir='ltr'>His</span> <span class='ocrx_word' id='word_1_43' title='bbox 2361 729 2608 799; x_wconf 84' lang='lat' dir='ltr'>auditis,</span> 
     </span>
     <span class='ocr_line' id='line_1_6' title="bbox 424 825 2606 910; baseline -0.004 -24"><span class='ocrx_word' id='word_1_44' title='bbox 424 827 603 886; x_wconf 86' lang='lat' dir='ltr'>Naxii</span> <span class='ocrx_word' id='word_1_45' title='bbox 630 830 959 906; x_wconf 82' lang='lat' dir='ltr'>mandatum</span> <span class='ocrx_word' id='word_1_46' title='bbox 983 830 1122 889; x_wconf 89' lang='lat' dir='ltr'>dant</span> <span class='ocrx_word' id='word_1_47' title='bbox 1149 831 1514 910; x_wconf 85' lang='lat' dir='ltr'>Aristagorae,</span> <span class='ocrx_word' id='word_1_48' title='bbox 1542 842 1609 890; x_wconf 94' lang='lat' dir='ltr'>ut</span> <span class='ocrx_word' id='word_1_49' title='bbox 1636 849 1810 908; x_wconf 86' lang='lat' dir='ltr'>quam</span> <span class='ocrx_word' id='word_1_50' title='bbox 1836 838 2034 909; x_wconf 88' lang='lat' dir='ltr'>posset</span> <span class='ocrx_word' id='word_1_51' title='bbox 2059 827 2273 906; x_wconf 88' lang='lat' dir='ltr'>optime</span> <span class='ocrx_word' id='word_1_52' title='bbox 2293 825 2452 884; x_wconf 87' lang='lat' dir='ltr'>hanc</span> <span class='ocrx_word' id='word_1_53' title='bbox 2473 841 2606 880; x_wconf 89' lang='lat' dir='ltr'>rem</span> 
     </span>
     <span class='ocr_line' id='line_1_7' title="bbox 421 917 2608 1027; baseline -0.001 -50"><span class='ocrx_word' id='word_1_54' title='bbox 421 919 703 1027; x_wconf 83' lang='lat' dir='ltr'>perficiat,</span> <span class='ocrx_word' id='word_1_55' title='bbox 732 932 794 980; x_wconf 89' lang='lat' dir='ltr'>et</span> <span class='ocrx_word' id='word_1_56' title='bbox 822 922 976 982; x_wconf 90' lang='lat' dir='ltr'>dona</span> <span class='ocrx_word' id='word_1_57' title='bbox 1000 924 1340 1002; x_wconf 88' lang='lat' dir='ltr'>polliceatur</span> <span class='ocrx_word' id='word_1_58' title='bbox 1368 923 1735 1003; x_wconf 87' lang='lat' dir='ltr'>Artapherni,</span> <span class='ocrx_word' id='word_1_59' title='bbox 1766 933 1828 984; x_wconf 88' lang='lat' dir='ltr'>et</span> <span class='ocrx_word' id='word_1_60' title='bbox 1851 921 2200 1002; x_wconf 84' lang='lat' dir='ltr'>stipendium</span> <span class='ocrx_word' id='word_1_61' title='bbox 2227 919 2500 978; x_wconf 85' lang='lat' dir='ltr'>militibus</span> <span class='ocrx_word' id='word_1_62' title='bbox 2524 917 2608 975; x_wconf 82' lang='lat' dir='ltr'>ab</span> 
     </span>
     <span class='ocr_line' id='line_1_8' title="bbox 419 1007 2612 1097; baseline -0.003 -26"><span class='ocrx_word' id='word_1_63' title='bbox 419 1013 556 1093; x_wconf 88' lang='lat' dir='ltr'>ipsis</span> <span class='ocrx_word' id='word_1_64' title='bbox 592 1015 1072 1092; x_wconf 87' lang='lat' dir='ltr'>persolvendum.</span> <span class='ocrx_word' id='word_1_65' title='bbox 1116 1037 1352 1096; x_wconf 84' lang='lat' dir='ltr'>magnas</span> <span class='ocrx_word' id='word_1_66' title='bbox 1392 1017 1606 1097; x_wconf 85' lang='lat' dir='ltr'>quippe</span> <span class='ocrx_word' id='word_1_67' title='bbox 1647 1037 1779 1096; x_wconf 89' lang='lat' dir='ltr'>spes</span> <span class='ocrx_word' id='word_1_68' title='bbox 1801 1016 2125 1084; x_wconf 79' lang='lat' dir='ltr'><strong>habebant,</strong></span> <span class='ocrx_word' id='word_1_69' title='bbox 2168 1012 2432 1091; x_wconf 83' lang='lat' dir='ltr'>quando</span> <span class='ocrx_word' id='word_1_70' title='bbox 2447 1007 2612 1068; x_wconf 79' lang='lat' dir='ltr'>Naxi</span> 
     </span>
     <span class='ocr_line' id='line_1_9' title="bbox 420 1103 2606 1189; baseline -0.003 -23"><span class='ocrx_word' id='word_1_71' title='bbox 420 1107 833 1185; x_wconf 79' lang='lat' dir='ltr'>adparuissent,</span> <span class='ocrx_word' id='word_1_72' title='bbox 872 1109 1063 1168; x_wconf 89' lang='lat' dir='ltr'>omnia</span> <span class='ocrx_word' id='word_1_73' title='bbox 1095 1109 1350 1169; x_wconf 86' lang='lat' dir='ltr'>facturos</span> <span class='ocrx_word' id='word_1_74' title='bbox 1380 1109 1600 1170; x_wconf 83' lang='lat' dir='ltr'>Naxios</span> <span class='ocrx_word' id='word_1_75' title='bbox 1627 1131 1757 1189; x_wconf 85' lang='lat' dir='ltr'>quae</span> <span class='ocrx_word' id='word_1_76' title='bbox 1783 1109 1890 1188; x_wconf 87' lang='lat' dir='ltr'>ipsi</span> <span class='ocrx_word' id='word_1_77' title='bbox 1914 1109 2238 1186; x_wconf 87' lang='lat' dir='ltr'>jussissent,</span> <span class='ocrx_word' id='word_1_78' title='bbox 2267 1103 2606 1183; x_wconf 79' lang='lat' dir='ltr'>pariterque</span> 
     </span>
     <span class='ocr_line' id='line_1_10' title="bbox 419 1191 2606 1281; baseline -0.003 -25"><span class='ocrx_word' id='word_1_79' title='bbox 419 1198 710 1259; x_wconf 88' lang='lat' dir='ltr'>insulanos</span> <span class='ocrx_word' id='word_1_80' title='bbox 738 1219 975 1261; x_wconf 87' lang='lat' dir='ltr'>omnes.</span> <span class='ocrx_word' id='word_1_81' title='bbox 994 1201 1178 1260; x_wconf 87' lang='lat' dir='ltr'>nulla</span> <span class='ocrx_word' id='word_1_82' title='bbox 1205 1201 1343 1260; x_wconf 91' lang='lat' dir='ltr'>dum</span> <span class='ocrx_word' id='word_1_83' title='bbox 1370 1201 1524 1261; x_wconf 90' lang='lat' dir='ltr'>enim</span> <span class='ocrx_word' id='word_1_84' title='bbox 1551 1221 1624 1261; x_wconf 90' lang='lat' dir='ltr'>ex</span> <span class='ocrx_word' id='word_1_85' title='bbox 1653 1200 2002 1281; x_wconf 83' lang='lat' dir='ltr'>Cycladibus</span> <span class='ocrx_word' id='word_1_86' title='bbox 2027 1199 2116 1258; x_wconf 87' lang='lat' dir='ltr'>his</span> <span class='ocrx_word' id='word_1_87' title='bbox 2149 1195 2350 1256; x_wconf 89' lang='lat' dir='ltr'>insulis</span> <span class='ocrx_word' id='word_1_88' title='bbox 2389 1203 2501 1273; x_wconf 85' lang='lat' dir='ltr'>p&#39;er</span> <span class='ocrx_word' id='word_1_89' title='bbox 2534 1191 2606 1250; x_wconf 86' lang='lat' dir='ltr'>id</span> 
     </span>
     <span class='ocr_line' id='line_1_11' title="bbox 420 1291 1413 1372; baseline 0.005 -24"><span class='ocrx_word' id='word_1_90' title='bbox 420 1299 647 1370; x_wconf 90' lang='lat' dir='ltr'>tempus</span> <span class='ocrx_word' id='word_1_91' title='bbox 674 1292 733 1349; x_wconf 91' lang='lat' dir='ltr'>in</span> <span class='ocrx_word' id='word_1_92' title='bbox 762 1291 924 1350; x_wconf 85' lang='lat' dir='ltr'>Darii</span> <span class='ocrx_word' id='word_1_93' title='bbox 952 1303 1078 1352; x_wconf 87' lang='lat' dir='ltr'>erat</span> <span class='ocrx_word' id='word_1_94' title='bbox 1102 1305 1413 1372; x_wconf 80' lang='lat' dir='ltr'>potestate.</span> 
     </span>
    </p>

    <p class='ocr_par' dir='ltr' id='par_1_3' title="bbox 404 1380 2602 2851">
     <span class='ocr_line' id='line_1_12' title="bbox 464 1380 2602 1467; baseline 0.004 -25"><span class='ocrx_word' id='word_1_95' title='bbox 464 1387 598 1442; x_wconf 81' lang='lat'>··31.</span> <span class='ocrx_word' id='word_1_96' title='bbox 643 1383 1008 1463; x_wconf 77' lang='lat' dir='ltr'>Aristagoras</span> <span class='ocrx_word' id='word_1_97' title='bbox 1048 1385 1146 1444; x_wconf 90' lang='lat' dir='ltr'>ubi</span> <span class='ocrx_word' id='word_1_98' title='bbox 1186 1387 1395 1448; x_wconf 87' lang='lat' dir='ltr'>Sardes</span> <span class='ocrx_word' id='word_1_99' title='bbox 1421 1387 1702 1467; x_wconf 82' lang='lat' dir='ltr'>pervenit,</span> <span class='ocrx_word' id='word_1_100' title='bbox 1731 1405 1869 1446; x_wconf 88' lang='lat' dir='ltr'>cum</span> <span class='ocrx_word' id='word_1_101' title='bbox 1899 1384 2271 1463; x_wconf 88' lang='lat' dir='ltr'>Artapherne</span> <span class='ocrx_word' id='word_1_102' title='bbox 2301 1380 2443 1458; x_wconf 68' lang='lat' dir='ltr'>egit»</span> <span class='ocrx_word' id='word_1_103' title='bbox 2473 1383 2602 1436; x_wconf 83' lang='lat' dir='ltr'>me-</span> 
     </span>
     <span class='ocr_line' id='line_1_13' title="bbox 417 1471 2597 1559; baseline -0.001 -26"><span class='ocrx_word' id='word_1_104' title='bbox 417 1493 670 1548; x_wconf 88' lang='lat' dir='ltr'>morans,</span> <span class='ocrx_word' id='word_1_105' title='bbox 698 1496 808 1535; x_wconf 75' lang='lat' dir='ltr'>esse</span> <span class='ocrx_word' id='word_1_106' title='bbox 827 1477 1053 1537; x_wconf 63' lang='lat' dir='ltr'>Naxum</span> <span class='ocrx_word' id='word_1_107' title='bbox 1078 1479 1319 1551; x_wconf 74' lang='lat' dir='ltr'>insulam,</span> <span class='ocrx_word' id='word_1_108' title='bbox 1350 1483 1555 1540; x_wconf 78' lang='lat' dir='ltr'>nonita</span> <span class='ocrx_word' id='word_1_109' title='bbox 1585 1481 1792 1559; x_wconf 78' lang='lat' dir='ltr'>quidem</span> <span class='ocrx_word' id='word_1_110' title='bbox 1819 1479 2067 1555; x_wconf 82' lang='lat' dir='ltr'>amplam,</span> <span class='ocrx_word' id='word_1_111' title='bbox 2098 1475 2296 1552; x_wconf 80' lang='lat' dir='ltr'>alioqui</span> <span class='ocrx_word' id='word_1_112' title='bbox 2323 1491 2450 1531; x_wconf 81' lang='lat' dir='ltr'>vero</span> <span class='ocrx_word' id='word_1_113' title='bbox 2465 1471 2597 1546; x_wconf 77' lang='lat' dir='ltr'>pul-</span> 
     </span>
     <span class='ocr_line' id='line_1_14' title="bbox 418 1559 2597 1652; baseline -0.003 -26"><span class='ocrx_word' id='word_1_114' title='bbox 418 1559 563 1627; x_wconf 67' lang='lat' dir='ltr'>c&#39;ram</span> <span class='ocrx_word' id='word_1_115' title='bbox 584 1571 886 1648; x_wconf 67' lang='lat' dir='ltr'>bonamque,</span> <span class='ocrx_word' id='word_1_116' title='bbox 912 1581 966 1630; x_wconf 80' lang='lat' dir='ltr'>et</span> <span class='ocrx_word' id='word_1_117' title='bbox 992 1574 1161 1632; x_wconf 82' lang='lat' dir='ltr'>Ionioe</span> <span class='ocrx_word' id='word_1_118' title='bbox 1182 1574 1407 1632; x_wconf 73' lang='lat' dir='ltr'>vicinam</span> <span class='ocrx_word' id='word_1_119' title='bbox 1430 1597 1448 1633; x_wconf 94' lang='lat'>.·</span> <span class='ocrx_word' id='word_1_120' title='bbox 1492 1595 1702 1652; x_wconf 76' lang='lat' dir='ltr'>esseque</span> <span class='ocrx_word' id='word_1_121' title='bbox 1721 1575 1778 1631; x_wconf 78' lang='lat' dir='ltr'>in</span> <span class='ocrx_word' id='word_1_122' title='bbox 1796 1591 1858 1630; x_wconf 84' lang='lat' dir='ltr'>ea</span> <span class='ocrx_word' id='word_1_123' title='bbox 1879 1580 1933 1630; x_wconf 77' lang='lat' dir='ltr'>et</span> <span class='ocrx_word' id='word_1_124' title='bbox 1953 1589 2078 1648; x_wconf 75' lang='lat' dir='ltr'>opes</span> <span class='ocrx_word' id='word_1_125' title='bbox 2096 1587 2321 1645; x_wconf 74' lang='lat' dir='ltr'>magnas</span> <span class='ocrx_word' id='word_1_126' title='bbox 2338 1574 2392 1624; x_wconf 83' lang='lat' dir='ltr'>et</span> <span class='ocrx_word' id='word_1_127' title='bbox 2411 1564 2597 1621; x_wconf 79' lang='lat' dir='ltr'>multa</span> 
     </span>
     <span class='ocr_line' id='line_1_15' title="bbox 414 1657 2600 1744; baseline -0.003 -25"><span class='ocrx_word' id='word_1_128' title='bbox 414 1663 697 1738; x_wconf 79' lang='lat' dir='ltr'>mancipia.</span> <span class='ocrx_word' id='word_1_129' title='bbox 781 1671 822 1696; x_wconf 86' lang='lat'><strong>“</strong></span> <span class='ocrx_word' id='word_1_130' title='bbox 842 1663 933 1722; x_wconf 90' lang='lat' dir='ltr'>Tu</span> <span class='ocrx_word' id='word_1_131' title='bbox 962 1664 1191 1743; x_wconf 88' lang='lat' dir='ltr'>igitur‚’&#39;</span> <span class='ocrx_word' id='word_1_132' title='bbox 1208 1665 1415 1744; x_wconf 86' lang='lat' dir='ltr'>inquit,</span> <span class='ocrx_word' id='word_1_133' title='bbox 1447 1666 1558 1724; x_wconf 87' lang='lat' dir='ltr'>“in</span> <span class='ocrx_word' id='word_1_134' title='bbox 1584 1665 1731 1726; x_wconf 89' lang='lat' dir='ltr'>hanc</span> <span class='ocrx_word' id='word_1_135' title='bbox 1752 1665 1916 1724; x_wconf 86' lang='lat' dir='ltr'>mitte</span> <span class='ocrx_word' id='word_1_136' title='bbox 1937 1659 2278 1743; x_wconf 83' lang='lat' dir='ltr'>exercitum,</span> <span class='ocrx_word' id='word_1_137' title='bbox 2299 1657 2398 1736; x_wconf 90' lang='lat' dir='ltr'>qui</span> <span class='ocrx_word' id='word_1_138' title='bbox 2419 1674 2600 1714; x_wconf 84' lang='lat' dir='ltr'>exsu-</span> 
     </span>
     <span class='ocr_line' id='line_1_16' title="bbox 414 1752 2596 1836; baseline -0.004 -25"><span class='ocrx_word' id='word_1_139' title='bbox 414 1752 501 1812; x_wconf 87' lang='lat' dir='ltr'>les</span> <span class='ocrx_word' id='word_1_140' title='bbox 527 1753 587 1812; x_wconf 90' lang='lat' dir='ltr'>in</span> <span class='ocrx_word' id='word_1_141' title='bbox 614 1773 742 1815; x_wconf 85' lang='lat' dir='ltr'>eam</span> <span class='ocrx_word' id='word_1_142' title='bbox 768 1756 1032 1818; x_wconf 85' lang='lat' dir='ltr'>reducat.</span> <span class='ocrx_word' id='word_1_143' title='bbox 1117 1756 1184 1816; x_wconf 92' lang='lat' dir='ltr'>Id</span> <span class='ocrx_word' id='word_1_144' title='bbox 1208 1758 1255 1817; x_wconf 91' lang='lat' dir='ltr'>si</span> <span class='ocrx_word' id='word_1_145' title='bbox 1283 1758 1512 1836; x_wconf 85' lang='lat' dir='ltr'>feceris,</span> <span class='ocrx_word' id='word_1_146' title='bbox 1538 1757 1764 1836; x_wconf 89' lang='lat' dir='ltr'>partim,</span> <span class='ocrx_word' id='word_1_147' title='bbox 1792 1773 2018 1834; x_wconf 83' lang='lat' dir='ltr'>magnae</span> <span class='ocrx_word' id='word_1_148' title='bbox 2043 1752 2148 1813; x_wconf 88' lang='lat' dir='ltr'>tibi</span> <span class='ocrx_word' id='word_1_149' title='bbox 2173 1771 2210 1810; x_wconf 88' lang='lat' dir='ltr'>a</span> <span class='ocrx_word' id='word_1_150' title='bbox 2236 1766 2329 1809; x_wconf 88' lang='lat' dir='ltr'>me</span> <span class='ocrx_word' id='word_1_151' title='bbox 2371 1755 2596 1827; x_wconf 77' lang='lat' dir='ltr'>praesto</span> 
     </span>
     <span class='ocr_line' id='line_1_17' title="bbox 412 1841 2599 1929; baseline -0.004 -25"><span class='ocrx_word' id='word_1_152' title='bbox 412 1855 548 1904; x_wconf 86' lang='lat' dir='ltr'>sunt</span> <span class='ocrx_word' id='word_1_153' title='bbox 570 1847 853 1924; x_wconf 77' lang='lat' dir='ltr'>pecunioe‚</span> <span class='ocrx_word' id='word_1_154' title='bbox 878 1860 1087 1927; x_wconf 82' lang='lat' dir='ltr'>proeter</span> <span class='ocrx_word' id='word_1_155' title='bbox 1114 1862 1334 1909; x_wconf 84' lang='lat' dir='ltr'>sumtus</span> <span class='ocrx_word' id='word_1_156' title='bbox 1363 1850 1525 1922; x_wconf 87' lang='lat' dir='ltr'>belli,</span> <span class='ocrx_word' id='word_1_157' title='bbox 1555 1869 1696 1929; x_wconf 88' lang='lat' dir='ltr'>quos</span> <span class='ocrx_word' id='word_1_158' title='bbox 1716 1867 1946 1928; x_wconf 81' lang='lat' dir='ltr'>aequum</span> <span class='ocrx_word' id='word_1_159' title='bbox 1970 1855 2058 1908; x_wconf 89' lang='lat' dir='ltr'>est</span> <span class='ocrx_word' id='word_1_160' title='bbox 2074 1854 2140 1904; x_wconf 92' lang='lat' dir='ltr'>ut</span> <span class='ocrx_word' id='word_1_161' title='bbox 2156 1863 2282 1913; x_wconf 91' lang='lat' dir='ltr'>nos,-</span> <span class='ocrx_word' id='word_1_162' title='bbox 2306 1841 2404 1920; x_wconf 90' lang='lat' dir='ltr'>qui</span> <span class='ocrx_word' id='word_1_163' title='bbox 2426 1857 2599 1898; x_wconf 81' lang='lat' dir='ltr'>exer-</span> 
     </span>
     <span class='ocr_line' id='line_1_18' title="bbox 411 1935 2590 2024; baseline -0.003 -26"><span class='ocrx_word' id='word_1_164' title='bbox 411 1939 591 1999; x_wconf 86' lang='lat' dir='ltr'>citum</span> <span class='ocrx_word' id='word_1_165' title='bbox 634 1943 902 2020; x_wconf 63' lang='lat' dir='ltr'>petimus,</span> <span class='ocrx_word' id='word_1_166' title='bbox 942 1945 1367 2023; x_wconf 86' lang='lat' dir='ltr'>persolvamus:</span> <span class='ocrx_word' id='word_1_167' title='bbox 1408 1945 1616 2024; x_wconf 88' lang='lat' dir='ltr'>partim</span> <span class='ocrx_word' id='word_1_168' title='bbox 1643 1964 1800 2014; x_wconf 84' lang='lat' dir='ltr'>vero,</span> <span class='ocrx_word' id='word_1_169' title='bbox 1837 1942 2052 2001; x_wconf 86' lang='lat' dir='ltr'>insulas</span> <span class='ocrx_word' id='word_1_170' title='bbox 2093 1938 2383 2016; x_wconf 78' lang='lat' dir='ltr'>adquires</span> <span class='ocrx_word' id='word_1_171' title='bbox 2403 1935 2590 2012; x_wconf 87' lang='lat' dir='ltr'>Regi,</span> 
     </span>
     <span class='ocr_line' id='line_1_19' title="bbox 412 2027 2592 2115; baseline -0.004 -25"><span class='ocrx_word' id='word_1_172' title='bbox 412 2030 473 2090; x_wconf 86' lang='lat' dir='ltr'>e‘t</span> <span class='ocrx_word' id='word_1_173' title='bbox 498 2032 685 2110; x_wconf 87' lang='lat' dir='ltr'>ipsam</span> <span class='ocrx_word' id='word_1_174' title='bbox 714 2034 970 2107; x_wconf 85' lang='lat' dir='ltr'>Naxum,</span> <span class='ocrx_word' id='word_1_175' title='bbox 998 2047 1057 2096; x_wconf 93' lang='lat' dir='ltr'>et</span> <span class='ocrx_word' id='word_1_176' title='bbox 1082 2056 1160 2095; x_wconf 85' lang='lat' dir='ltr'>ex</span> <span class='ocrx_word' id='word_1_177' title='bbox 1184 2037 1285 2096; x_wconf 83' lang='lat' dir='ltr'>illa</span> <span class='ocrx_word' id='word_1_178' title='bbox 1310 2037 1632 2115; x_wconf 86' lang='lat' dir='ltr'>pendentes</span> <span class='ocrx_word' id='word_1_179' title='bbox 1679 2036 1892 2095; x_wconf 86' lang='lat' dir='ltr'>Parum</span> <span class='ocrx_word' id='word_1_180' title='bbox 1923 2045 1984 2093; x_wconf 89' lang='lat' dir='ltr'>et</span> <span class='ocrx_word' id='word_1_181' title='bbox 2012 2032 2302 2100; x_wconf 86' lang='lat' dir='ltr'>Andrum,</span> <span class='ocrx_word' id='word_1_182' title='bbox 2329 2027 2592 2103; x_wconf 85' lang='lat' dir='ltr'>aliasque</span> 
     </span>
     <span class='ocr_line' id='line_1_20' title="bbox 408 2111 2592 2207; baseline -0.004 -26"><span class='ocrx_word' id='word_1_183' title='bbox 408 2133 540 2202; x_wconf 80' lang='lat' dir='ltr'>quae</span> <span class='ocrx_word' id='word_1_184' title='bbox 570 2125 861 2202; x_wconf 85' lang='lat' dir='ltr'>Cyclades</span> <span class='ocrx_word' id='word_1_185' title='bbox 888 2139 1189 2190; x_wconf 86' lang='lat' dir='ltr'>vocantur.</span> <span class='ocrx_word' id='word_1_186' title='bbox 1270 2128 1417 2188; x_wconf 89' lang='lat' dir='ltr'>Inde</span> <span class='ocrx_word' id='word_1_187' title='bbox 1443 2148 1581 2187; x_wconf 84' lang='lat' dir='ltr'>vero</span> <span class='ocrx_word' id='word_1_188' title='bbox 1609 2129 1825 2207; x_wconf 89' lang='lat' dir='ltr'>impetu</span> <span class='ocrx_word' id='word_1_189' title='bbox 1853 2126 2009 2186; x_wconf 86' lang='lat' dir='ltr'>facto</span> <span class='ocrx_word' id='word_1_190' title='bbox 2034 2123 2202 2184; x_wconf 84' lang='lat' dir='ltr'>facile</span> <span class='ocrx_word' id='word_1_191' title='bbox 2229 2111 2592 2197; x_wconf 84' lang='lat' dir='ltr'>adgredieris</span> 
     </span>
     <span class='ocr_line' id='line_1_21' title="bbox 410 2214 2590 2299; baseline -0.003 -26"><span class='ocrx_word' id='word_1_192' title='bbox 410 2215 711 2289; x_wconf 86' lang='lat' dir='ltr'>Euboeam,</span> <span class='ocrx_word' id='word_1_193' title='bbox 742 2219 993 2296; x_wconf 87' lang='lat' dir='ltr'>amplam</span> <span class='ocrx_word' id='word_1_194' title='bbox 1023 2231 1083 2279; x_wconf 89' lang='lat' dir='ltr'>et</span> <span class='ocrx_word' id='word_1_195' title='bbox 1114 2220 1443 2299; x_wconf 88' lang='lat' dir='ltr'>opulentam</span> <span class='ocrx_word' id='word_1_196' title='bbox 1487 2221 1750 2292; x_wconf 74' lang='lat' dir='ltr'>imulm,</span> <span class='ocrx_word' id='word_1_197' title='bbox 1782 2221 1977 2298; x_wconf 84' lang='lat' dir='ltr'>Cypro</span> <span class='ocrx_word' id='word_1_198' title='bbox 1995 2216 2162 2275; x_wconf 88' lang='lat' dir='ltr'>haud</span> <span class='ocrx_word' id='word_1_199' title='bbox 2195 2214 2498 2279; x_wconf 87' lang='lat' dir='ltr'>minorem,</span> <span class='ocrx_word' id='word_1_200' title='bbox 2529 2215 2590 2268; x_wconf 84' lang='lat' dir='ltr'>et</span> 
     </span>
     <span class='ocr_line' id='line_1_22' title="bbox 406 2306 2588 2371; baseline -0.003 -5"><span class='ocrx_word' id='word_1_201' title='bbox 406 2308 658 2366; x_wconf 84' lang='lat' dir='ltr'>subactu</span> <span class='ocrx_word' id='word_1_202' title='bbox 686 2307 994 2368; x_wconf 87' lang='lat' dir='ltr'>admodum</span> <span class='ocrx_word' id='word_1_203' title='bbox 1024 2313 1271 2371; x_wconf 86' lang='lat' dir='ltr'>facilem.</span> <span class='ocrx_word' id='word_1_204' title='bbox 1354 2314 1608 2371; x_wconf 78' lang='lat' dir='ltr'>Centum</span> <span class='ocrx_word' id='word_1_205' title='bbox 1633 2333 1808 2370; x_wconf 81' lang='lat' dir='ltr'>naves</span> <span class='ocrx_word' id='word_1_206' title='bbox 1843 2309 2127 2370; x_wconf 85' lang='lat' dir='ltr'>sufficient</span> <span class='ocrx_word' id='word_1_207' title='bbox 2153 2307 2230 2365; x_wconf 90' lang='lat' dir='ltr'>ad</span> <span class='ocrx_word' id='word_1_208' title='bbox 2254 2306 2356 2363; x_wconf 87' lang='lat' dir='ltr'>has</span> <span class='ocrx_word' id='word_1_209' title='bbox 2385 2321 2588 2361; x_wconf 87' lang='lat' dir='ltr'>omnes</span> 
     </span>
     <span class='ocr_line' id='line_1_23' title="bbox 404 2395 2596 2481; baseline -0.002 -26"><span class='ocrx_word' id='word_1_210' title='bbox 404 2397 466 2455; x_wconf 84' lang='lat' dir='ltr'>in</span> <span class='ocrx_word' id='word_1_211' title='bbox 494 2398 677 2475; x_wconf 83' lang='lat' dir='ltr'>Regis</span> <span class='ocrx_word' id='word_1_212' title='bbox 702 2401 1048 2476; x_wconf 82' lang='lat' dir='ltr'>redigendas</span> <span class='ocrx_word' id='word_1_213' title='bbox 1076 2402 1482 2478; x_wconf 76' lang='lat' dir='ltr'>potestatem.”</span> <span class='ocrx_word' id='word_1_214' title='bbox 1565 2401 1906 2481; x_wconf 86' lang='lat' dir='ltr'>Respondet</span> <span class='ocrx_word' id='word_1_215' title='bbox 1928 2399 2327 2479; x_wconf 89' lang='lat' dir='ltr'>Artaphernes</span> <span class='ocrx_word' id='word_1_216' title='bbox 2347 2395 2440 2452; x_wconf 86' lang='lat' dir='ltr'>his</span> <span class='ocrx_word' id='word_1_217' title='bbox 2461 2412 2596 2452; x_wconf 86' lang='lat' dir='ltr'>ver-</span> 
     </span>
     <span class='ocr_line' id='line_1_24' title="bbox 405 2485 2586 2572; baseline -0.001 -26"><span class='ocrx_word' id='word_1_218' title='bbox 405 2489 529 2548; x_wconf 81' lang='lat' dir='ltr'>bis:</span> <span class='ocrx_word' id='word_1_219' title='bbox 562 2497 602 2524; x_wconf 88' lang='lat'><strong><em>“</em></strong></span> <span class='ocrx_word' id='word_1_220' title='bbox 622 2490 715 2548; x_wconf 90' lang='lat' dir='ltr'>Tu</span> <span class='ocrx_word' id='word_1_221' title='bbox 735 2495 892 2561; x_wconf 83' lang='lat' dir='ltr'>vero,</span> <span class='ocrx_word' id='word_1_222' title='bbox 912 2511 1043 2569; x_wconf 82' lang='lat' dir='ltr'>quoe</span> <span class='ocrx_word' id='word_1_223' title='bbox 1069 2511 1148 2552; x_wconf 80' lang='lat' dir='ltr'>ex</span> <span class='ocrx_word' id='word_1_224' title='bbox 1172 2492 1418 2552; x_wconf 90' lang='lat' dir='ltr'>utilitate</span> <span class='ocrx_word' id='word_1_225' title='bbox 1441 2505 1574 2553; x_wconf 87' lang='lat' dir='ltr'>sunt</span> <span class='ocrx_word' id='word_1_226' title='bbox 1597 2495 1773 2572; x_wconf 77' lang='lat' dir='ltr'>regiae</span> <span class='ocrx_word' id='word_1_227' title='bbox 1792 2494 1995 2553; x_wconf 88' lang='lat' dir='ltr'>domus</span> <span class='ocrx_word' id='word_1_228' title='bbox 2023 2489 2315 2570; x_wconf 87' lang='lat' dir='ltr'>proponis,</span> <span class='ocrx_word' id='word_1_229' title='bbox 2339 2497 2400 2545; x_wconf 91' lang='lat' dir='ltr'>et</span> <span class='ocrx_word' id='word_1_230' title='bbox 2416 2485 2586 2545; x_wconf 73' lang='lat' dir='ltr'>recte</span> 
     </span>
     <span class='ocr_line' id='line_1_25' title="bbox 404 2580 2585 2665; baseline -0 -26"><span class='ocrx_word' id='word_1_231' title='bbox 404 2582 535 2647; x_wconf 82' lang='lat' dir='ltr'>hoee</span> <span class='ocrx_word' id='word_1_232' title='bbox 564 2582 755 2641; x_wconf 88' lang='lat' dir='ltr'>omnia</span> <span class='ocrx_word' id='word_1_233' title='bbox 780 2601 997 2654; x_wconf 89' lang='lat' dir='ltr'>mones,</span> <span class='ocrx_word' id='word_1_234' title='bbox 1045 2595 1432 2665; x_wconf 69' lang='lat' dir='ltr'>praeterquam</span> <span class='ocrx_word' id='word_1_235' title='bbox 1469 2586 1626 2664; x_wconf 91' lang='lat' dir='ltr'>quod</span> <span class='ocrx_word' id='word_1_236' title='bbox 1653 2586 1730 2646; x_wconf 92' lang='lat' dir='ltr'>ad</span> <span class='ocrx_word' id='word_1_237' title='bbox 1753 2603 2054 2663; x_wconf 83' lang='lat' dir='ltr'>numerum</span> <span class='ocrx_word' id='word_1_238' title='bbox 2081 2592 2306 2661; x_wconf 86' lang='lat' dir='ltr'>spectat</span> <span class='ocrx_word' id='word_1_239' title='bbox 2332 2580 2585 2639; x_wconf 82' lang='lat' dir='ltr'>navium.</span> 
     </span>
     <span class='ocr_line' id='line_1_26' title="bbox 406 2672 2581 2756; baseline -0.002 -22"><span class='ocrx_word' id='word_1_240' title='bbox 406 2672 563 2734; x_wconf 82' lang='lat' dir='ltr'>Nam</span> <span class='ocrx_word' id='word_1_241' title='bbox 603 2674 733 2733; x_wconf 89' lang='lat' dir='ltr'>loco</span> <span class='ocrx_word' id='word_1_242' title='bbox 769 2686 1000 2734; x_wconf 87' lang='lat' dir='ltr'>centum</span> <span class='ocrx_word' id='word_1_243' title='bbox 1040 2677 1291 2749; x_wconf 84' lang='lat' dir='ltr'>navium,</span> <span class='ocrx_word' id='word_1_244' title='bbox 1332 2689 1553 2756; x_wconf 74' lang='lat' dir='ltr'>paratae</span> <span class='ocrx_word' id='word_1_245' title='bbox 1579 2678 1684 2737; x_wconf 89' lang='lat' dir='ltr'>tibi</span> <span class='ocrx_word' id='word_1_246' title='bbox 1713 2687 1882 2750; x_wconf 86' lang='lat' dir='ltr'>erunt</span> <span class='ocrx_word' id='word_1_247' title='bbox 1917 2676 2099 2755; x_wconf 89' lang='lat' dir='ltr'>primo</span> <span class='ocrx_word' id='word_1_248' title='bbox 2124 2692 2260 2733; x_wconf 87' lang='lat' dir='ltr'>vere</span> <span class='ocrx_word' id='word_1_249' title='bbox 2287 2673 2581 2733; x_wconf 72' lang='lat' dir='ltr'>ducentas.</span> 
     </span>
     <span class='ocr_line' id='line_1_27' title="bbox 406 2763 2465 2851; baseline -0.002 -24"><span class='ocrx_word' id='word_1_250' title='bbox 406 2764 658 2847; x_wconf 83' lang='lat' dir='ltr'>Oportet</span> <span class='ocrx_word' id='word_1_251' title='bbox 684 2788 822 2828; x_wconf 84' lang='lat' dir='ltr'>vero</span> <span class='ocrx_word' id='word_1_252' title='bbox 847 2770 1009 2830; x_wconf 88' lang='lat' dir='ltr'>hisce</span> <span class='ocrx_word' id='word_1_253' title='bbox 1030 2771 1201 2830; x_wconf 89' lang='lat' dir='ltr'>rebus</span> <span class='ocrx_word' id='word_1_254' title='bbox 1230 2771 1628 2831; x_wconf 88' lang='lat' dir='ltr'>auctoritatem</span> <span class='ocrx_word' id='word_1_255' title='bbox 1655 2791 1884 2851; x_wconf 88' lang='lat' dir='ltr'>quoque</span> <span class='ocrx_word' id='word_1_256' title='bbox 1914 2769 2097 2847; x_wconf 84' lang='lat' dir='ltr'>Regis</span> <span class='ocrx_word' id='word_1_257' title='bbox 2117 2763 2465 2827; x_wconf 84' lang='lat' dir='ltr'>accedere.”</span> 
     </span>
    </p>

    <p class='ocr_par' dir='ltr' id='par_1_4' title="bbox 386 2859 2580 3776">
     <span class='ocr_line' id='line_1_28' title="bbox 483 2859 2580 2942; baseline -0.002 -22"><span class='ocrx_word' id='word_1_258' title='bbox 483 2863 582 2920; x_wconf 78' lang='lat'>32.</span> <span class='ocrx_word' id='word_1_259' title='bbox 626 2859 738 2921; x_wconf 89' lang='lat' dir='ltr'>His</span> <span class='ocrx_word' id='word_1_260' title='bbox 766 2862 996 2933; x_wconf 82' lang='lat' dir='ltr'>auditis,</span> <span class='ocrx_word' id='word_1_261' title='bbox 1030 2862 1396 2942; x_wconf 85' lang='lat' dir='ltr'>Aristagoras</span> <span class='ocrx_word' id='word_1_262' title='bbox 1416 2864 1584 2922; x_wconf 86' lang='lat' dir='ltr'>laetus</span> <span class='ocrx_word' id='word_1_263' title='bbox 1613 2864 1884 2923; x_wconf 89' lang='lat' dir='ltr'>Miletum</span> <span class='ocrx_word' id='word_1_264' title='bbox 1911 2859 2105 2920; x_wconf 88' lang='lat' dir='ltr'>rediit.</span> <span class='ocrx_word' id='word_1_265' title='bbox 2187 2859 2580 2942; x_wconf 72' lang='lat' dir='ltr'>Artaphernes</span> 
     </span>
     <span class='ocr_line' id='line_1_29' title="bbox 386 2943 2578 3036; baseline -0.001 -27"><span class='ocrx_word' id='word_1_266' title='bbox 386 2971 562 3025; x_wconf 61' lang='lat' dir='ltr'>xero,</span> <span class='ocrx_word' id='word_1_267' title='bbox 588 2953 763 3014; x_wconf 87' lang='lat' dir='ltr'>misso</span> <span class='ocrx_word' id='word_1_268' title='bbox 794 2955 941 3016; x_wconf 87' lang='lat' dir='ltr'>Susa</span> <span class='ocrx_word' id='word_1_269' title='bbox 966 2956 1197 3028; x_wconf 88' lang='lat' dir='ltr'>nuncio,</span> <span class='ocrx_word' id='word_1_270' title='bbox 1226 2956 1654 3036; x_wconf 87' lang='lat' dir='ltr'>postulatisque</span> <span class='ocrx_word' id='word_1_271' title='bbox 1683 2956 2034 3033; x_wconf 80' lang='lat' dir='ltr'>Aristagorae</span> <span class='ocrx_word' id='word_1_272' title='bbox 2061 2943 2194 3012; x_wconf 79' lang='lat' dir='ltr'>curn</span> <span class='ocrx_word' id='word_1_273' title='bbox 2219 2970 2380 3030; x_wconf 67' lang='lat' dir='ltr'>rege</span> <span class='ocrx_word' id='word_1_274' title='bbox 2417 2969 2578 3008; x_wconf 87' lang='lat' dir='ltr'>com-</span> 
     </span>
     <span class='ocr_line' id='line_1_30' title="bbox 401 3041 2575 3128; baseline -0.002 -25"><span class='ocrx_word' id='word_1_275' title='bbox 401 3045 729 3128; x_wconf 83' lang='lat' dir='ltr'>municat-is,</span> <span class='ocrx_word' id='word_1_276' title='bbox 766 3060 1069 3128; x_wconf 90' lang='lat' dir='ltr'>postquam</span> <span class='ocrx_word' id='word_1_277' title='bbox 1109 3049 1371 3128; x_wconf 90' lang='lat' dir='ltr'>probavit</span> <span class='ocrx_word' id='word_1_278' title='bbox 1397 3069 1523 3109; x_wconf 87' lang='lat' dir='ltr'>rem</span> <span class='ocrx_word' id='word_1_279' title='bbox 1551 3049 1784 3119; x_wconf 86' lang='lat' dir='ltr'>Darius,</span> <span class='ocrx_word' id='word_1_280' title='bbox 1814 3048 2094 3106; x_wconf 88' lang='lat' dir='ltr'>ducentas</span> <span class='ocrx_word' id='word_1_281' title='bbox 2118 3041 2575 3104; x_wconf 79' lang='lat' dir='ltr'>instruxit&#39;trire-</span> 
     </span>
     <span class='ocr_line' id='line_1_31' title="bbox 400 3135 2572 3222; baseline -0.002 -27"><span class='ocrx_word' id='word_1_282' title='bbox 400 3157 542 3218; x_wconf 82' lang='lat' dir='ltr'>mes,</span> <span class='ocrx_word' id='word_1_283' title='bbox 572 3159 954 3218; x_wconf 85' lang='lat' dir='ltr'>magnamque</span> <span class='ocrx_word' id='word_1_284' title='bbox 984 3142 1295 3222; x_wconf 86' lang='lat' dir='ltr'>admodum</span> <span class='ocrx_word' id='word_1_285' title='bbox 1330 3142 1754 3201; x_wconf 87' lang='lat' dir='ltr'>multitudinem</span> <span class='ocrx_word' id='word_1_286' title='bbox 1782 3150 1842 3200; x_wconf 91' lang='lat' dir='ltr'>et</span> <span class='ocrx_word' id='word_1_287' title='bbox 1866 3140 2172 3200; x_wconf 87' lang='lat' dir='ltr'>Persarum</span> <span class='ocrx_word' id='word_1_288' title='bbox 2203 3145 2280 3196; x_wconf 88' lang='lat' dir='ltr'>et</span> <span class='ocrx_word' id='word_1_289' title='bbox 2289 3135 2572 3196; x_wconf 84' lang='lat' dir='ltr'>sociorum</span> 
     </span>
     <span class='ocr_line' id='line_1_32' title="bbox 400 3215 2572 3313; baseline -0.001 -25"><span class='ocrx_word' id='word_1_290' title='bbox 400 3231 706 3306; x_wconf 83' lang='lat' dir='ltr'>contraxit,</span> <span class='ocrx_word' id='word_1_291' title='bbox 737 3233 1063 3313; x_wconf 86' lang='lat' dir='ltr'>ducemque</span> <span class='ocrx_word' id='word_1_292' title='bbox 1099 3215 1304 3294; x_wconf 72' lang='lat' dir='ltr'>horum</span> <span class='ocrx_word' id='word_1_293' title='bbox 1346 3234 1639 3294; x_wconf 85' lang='lat' dir='ltr'>constituit</span> <span class='ocrx_word' id='word_1_294' title='bbox 1685 3235 2081 3312; x_wconf 83' lang='lat' dir='ltr'>Megabatem,</span> <span class='ocrx_word' id='word_1_295' title='bbox 2111 3230 2293 3290; x_wconf 81' lang='lat' dir='ltr'>virum</span> <span class='ocrx_word' id='word_1_296' title='bbox 2330 3229 2572 3287; x_wconf 87' lang='lat' dir='ltr'>Persam</span> 
     </span>
     <span class='ocr_line' id='line_1_33' title="bbox 400 3320 2573 3400; baseline -0.001 -20"><span class='ocrx_word' id='word_1_297' title='bbox 400 3320 475 3380; x_wconf 79' lang='lat' dir='ltr'>de</span> <span class='ocrx_word' id='word_1_298' title='bbox 502 3343 719 3400; x_wconf 84' lang='lat' dir='ltr'>genere</span> <span class='ocrx_word' id='word_1_299' title='bbox 750 3325 1309 3398; x_wconf 82' lang='lat' dir='ltr'>Achaemenidarum,</span> <span class='ocrx_word' id='word_1_300' title='bbox 1340 3347 1507 3388; x_wconf 89' lang='lat' dir='ltr'>suum</span> <span class='ocrx_word' id='word_1_301' title='bbox 1535 3338 1595 3387; x_wconf 91' lang='lat' dir='ltr'>et</span> <span class='ocrx_word' id='word_1_302' title='bbox 1632 3326 1795 3386; x_wconf 88' lang='lat' dir='ltr'>Darii</span> <span class='ocrx_word' id='word_1_303' title='bbox 1821 3325 2261 3394; x_wconf 71' lang='grc' dir='ltr'><strong>οοιιεοῑιιίιιιιιιις</strong></span> <span class='ocrx_word' id='word_1_304' title='bbox 2302 3320 2573 3381; x_wconf 88' lang='lat' dir='ltr'>eumdem</span> 
     </span>
     <span class='ocr_line' id='line_1_34' title="bbox 397 3411 2574 3508; baseline -0.001 -36"><span class='ocrx_word' id='word_1_305' title='bbox 397 3414 569 3492; x_wconf 80' lang='lat' dir='ltr'>c&#39;ujus</span> <span class='ocrx_word' id='word_1_306' title='bbox 578 3415 762 3474; x_wconf 89' lang='lat' dir='ltr'>filiam</span> <span class='ocrx_word' id='word_1_307' title='bbox 783 3417 1098 3478; x_wconf 82' lang='lat' dir='ltr'>Pausanias</span> <span class='ocrx_word' id='word_1_308' title='bbox 1118 3420 1601 3480; x_wconf 80' lang='lat' dir='ltr'>Lac‘edaemonius</span> <span class='ocrx_word' id='word_1_309' title='bbox 1626 3417 1982 3479; x_wconf 89' lang='lat' dir='ltr'>Cleombroti</span> <span class='ocrx_word' id='word_1_310' title='bbox 2001 3417 2172 3508; x_wconf 83' lang='lat' dir='ltr'>filius,</span> <span class='ocrx_word' id='word_1_311' title='bbox 2194 3415 2243 3474; x_wconf 89' lang='lat' dir='ltr'>si</span> <span class='ocrx_word' id='word_1_312' title='bbox 2261 3433 2402 3473; x_wconf 83' lang='lat' dir='ltr'>vera</span> <span class='ocrx_word' id='word_1_313' title='bbox 2418 3411 2574 3470; x_wconf 84' lang='lat' dir='ltr'>fama</span> 
     </span>
     <span class='ocr_line' id='line_1_35' title="bbox 398 3503 2573 3590; baseline -0.001 -26"><span class='ocrx_word' id='word_1_314' title='bbox 398 3507 504 3578; x_wconf 77' lang='lat' dir='ltr'>est,</span> <span class='ocrx_word' id='word_1_315' title='bbox 526 3519 761 3586; x_wconf 85' lang='lat' dir='ltr'>postero</span> <span class='ocrx_word' id='word_1_316' title='bbox 780 3520 1037 3589; x_wconf 87' lang='lat' dir='ltr'>tempore</span> <span class='ocrx_word' id='word_1_317' title='bbox 1059 3513 1116 3570; x_wconf 92' lang='lat' dir='ltr'>in</span> <span class='ocrx_word' id='word_1_318' title='bbox 1136 3513 1555 3573; x_wconf 85' lang='lat' dir='ltr'>matrimonium</span> <span class='ocrx_word' id='word_1_319' title='bbox 1576 3511 1683 3571; x_wconf 87' lang='lat' dir='ltr'>sibi</span> <span class='ocrx_word' id='word_1_320' title='bbox 1706 3509 2089 3590; x_wconf 85' lang='lat' dir='ltr'>desponsavit,</span> <span class='ocrx_word' id='word_1_321' title='bbox 2115 3503 2356 3585; x_wconf 88' lang='lat' dir='ltr'>cupiens</span> <span class='ocrx_word' id='word_1_322' title='bbox 2377 3515 2573 3585; x_wconf 86' lang='lat' dir='ltr'>tyran-</span> 
     </span>
     <span class='ocr_line' id='line_1_36' title="bbox 397 3593 2570 3683; baseline -0.002 -26"><span class='ocrx_word' id='word_1_323' title='bbox 397 3619 507 3658; x_wconf 85' lang='lat' dir='ltr'>nus</span> <span class='ocrx_word' id='word_1_324' title='bbox 530 3599 657 3658; x_wconf 84' lang='lat' dir='ltr'>fieri</span> <span class='ocrx_word' id='word_1_325' title='bbox 693 3601 959 3663; x_wconf 82' lang='lat' dir='ltr'>Graeciae.</span> <span class='ocrx_word' id='word_1_326' title='bbox 1044 3607 1363 3683; x_wconf 84' lang='lat' dir='ltr'>Meg-abate</span> <span class='ocrx_word' id='word_1_327' title='bbox 1392 3607 1541 3665; x_wconf 87' lang='lat' dir='ltr'>duee</span> <span class='ocrx_word' id='word_1_328' title='bbox 1571 3604 1902 3675; x_wconf 75' lang='lat' dir='ltr'>constitum,</span> <span class='ocrx_word' id='word_1_329' title='bbox 1933 3601 2252 3661; x_wconf 79' lang='lat' dir='ltr'>exercitum</span> <span class='ocrx_word' id='word_1_330' title='bbox 2287 3599 2459 3656; x_wconf 88' lang='lat' dir='ltr'>istum</span> <span class='ocrx_word' id='word_1_331' title='bbox 2495 3593 2570 3654; x_wconf 88' lang='lat' dir='ltr'>ad</span> 
     </span>
     <span class='ocr_line' id='line_1_37' title="bbox 398 3692 2246 3776; baseline 0.009 -26"><span class='ocrx_word' id='word_1_332' title='bbox 398 3692 798 3771; x_wconf 85' lang='lat' dir='ltr'>Aristagoram</span> <span class='ocrx_word' id='word_1_333' title='bbox 820 3695 972 3754; x_wconf 85' lang='lat' dir='ltr'>misit</span> <span class='ocrx_word' id='word_1_334' title='bbox 992 3697 1410 3776; x_wconf 52' lang='lat' dir='ltr'>&#39;Artaphernem</span> <span class='ocrx_word' id='word_1_335' title='bbox 2240 3725 2246 3730; x_wconf 89' lang='lat'>·</span> 
     </span>
    </p>

    <p class='ocr_par' dir='ltr' id='par_1_5' title="bbox 430 3783 2559 3897">
     <span class='ocr_line' id='line_1_38' title="bbox 430 3783 2559 3897; baseline -0.002 -51"><span class='ocrx_word' id='word_1_336' title='bbox 430 3786 441 3818; x_wconf 83' lang='lat'><em>¹</em></span> <span class='ocrx_word' id='word_1_337' title='bbox 473 3789 570 3846; x_wconf 77' lang='lat'>33.</span> <span class='ocrx_word' id='word_1_338' title='bbox 600 3787 969 3866; x_wconf 88' lang='lat' dir='ltr'>Megabates,</span> <span class='ocrx_word' id='word_1_339' title='bbox 987 3790 1262 3851; x_wconf 86' lang='lat' dir='ltr'>adsumtis</span> <span class='ocrx_word' id='word_1_340' title='bbox 1280 3812 1357 3850; x_wconf 84' lang='lat' dir='ltr'>ex</span> <span class='ocrx_word' id='word_1_341' title='bbox 1378 3793 1585 3852; x_wconf 90' lang='lat' dir='ltr'>Mileto</span> <span class='ocrx_word' id='word_1_342' title='bbox 1605 3792 1971 3897; x_wconf 58' lang='lat' dir='ltr'>Aristagora,</span> <span class='ocrx_word' id='word_1_343' title='bbox 1982 3801 2044 3849; x_wconf 90' lang='lat' dir='ltr'>et</span> <span class='ocrx_word' id='word_1_344' title='bbox 2061 3787 2262 3848; x_wconf 86' lang='lat' dir='ltr'>lonico</span> <span class='ocrx_word' id='word_1_345' title='bbox 2279 3783 2559 3853; x_wconf 82' lang='lat' dir='ltr'>exercitu,</span> 
     </span>
    </p>

    <p class='ocr_par' dir='ltr' id='par_1_6' title="bbox 346 3879 2646 4517">
     <span class='ocr_line' id='line_1_39' title="bbox 346 3879 2566 3964; baseline -0.001 -25"><span class='ocrx_word' id='word_1_346' title='bbox 346 3937 367 3952; x_wconf 69' lang='lat'>,</span> <span class='ocrx_word' id='word_1_347' title='bbox 395 3887 458 3939; x_wconf 87' lang='lat' dir='ltr'>et</span> <span class='ocrx_word' id='word_1_348' title='bbox 485 3879 781 3956; x_wconf 81' lang='lat' dir='ltr'>exsulibus</span> <span class='ocrx_word' id='word_1_349' title='bbox 826 3881 1044 3954; x_wconf 88' lang='lat' dir='ltr'>Naxiis,</span> <span class='ocrx_word' id='word_1_350' title='bbox 1073 3884 1313 3944; x_wconf 84' lang='lat' dir='ltr'>navibus</span> <span class='ocrx_word' id='word_1_351' title='bbox 1352 3885 1652 3964; x_wconf 85' lang='lat' dir='ltr'>profectus</span> <span class='ocrx_word' id='word_1_352' title='bbox 1695 3899 1786 3944; x_wconf 88' lang='lat' dir='ltr'>est</span> <span class='ocrx_word' id='word_1_353' title='bbox 1813 3882 1974 3963; x_wconf 88' lang='lat' dir='ltr'>quasi</span> <span class='ocrx_word' id='word_1_354' title='bbox 2013 3882 2072 3940; x_wconf 88' lang='lat' dir='ltr'>in</span> <span class='ocrx_word' id='word_1_355' title='bbox 2115 3879 2566 3958; x_wconf 85' lang='lat' dir='ltr'>Hellespontum</span> 
     </span>
     <span class='ocr_line' id='line_1_40' title="bbox 394 3970 2569 4054; baseline -0.002 -23"><span class='ocrx_word' id='word_1_356' title='bbox 394 3971 782 4050; x_wconf 74' lang='lat' dir='ltr'>navigaturus.</span> <span class='ocrx_word' id='word_1_357' title='bbox 828 3974 947 4034; x_wconf 94' lang='lat' dir='ltr'>Ubi</span> <span class='ocrx_word' id='word_1_358' title='bbox 963 3991 1101 4034; x_wconf 86' lang='lat' dir='ltr'>vero</span> <span class='ocrx_word' id='word_1_359' title='bbox 1121 3995 1305 4054; x_wconf 88' lang='lat' dir='ltr'>prope</span> <span class='ocrx_word' id='word_1_360' title='bbox 1329 3977 1540 4037; x_wconf 87' lang='lat' dir='ltr'>Chium</span> <span class='ocrx_word' id='word_1_361' title='bbox 1556 3977 1687 4047; x_wconf 85' lang='lat' dir='ltr'>fuit,</span> <span class='ocrx_word' id='word_1_362' title='bbox 1711 3977 1786 4036; x_wconf 87' lang='lat' dir='ltr'>ad</span> <span class='ocrx_word' id='word_1_363' title='bbox 1805 3977 2066 4036; x_wconf 85' lang='lat' dir='ltr'>Caucasa</span> <span class='ocrx_word' id='word_1_364' title='bbox 2079 3970 2361 4033; x_wconf 84' lang='lat' dir='ltr'>continuit</span> <span class='ocrx_word' id='word_1_365' title='bbox 2372 3975 2569 4038; x_wconf 81' lang='lat' dir='ltr'>naves,</span> 
     </span>
     <span class='ocr_line' id='line_1_41' title="bbox 362 4060 2569 4148; baseline -0.002 -25.954"><span class='ocrx_word' id='word_1_366' title='bbox 362 4065 535 4124; x_wconf 82' lang='lat' dir='ltr'>inde</span> <span class='ocrx_word' id='word_1_367' title='bbox 559 4074 730 4124; x_wconf 87' lang='lat' dir='ltr'>vento</span> <span class='ocrx_word' id='word_1_368' title='bbox 756 4067 978 4126; x_wconf 55' lang='lat' dir='ltr'>borea*</span> <span class='ocrx_word' id='word_1_369' title='bbox 962 4083 1022 4126; x_wconf 85' lang='grc' dir='ltr'>ιιι</span> <span class='ocrx_word' id='word_1_370' title='bbox 1065 4068 1303 4128; x_wconf 86' lang='lat' dir='ltr'>Naxum</span> <span class='ocrx_word' id='word_1_371' title='bbox 1342 4067 1906 4148; x_wconf 82' lang='lat' dir='ltr'>trajectums.1bi,</span> <span class='ocrx_word' id='word_1_372' title='bbox 1937 4087 2116 4146; x_wconf 89' lang='lat' dir='ltr'>quum</span> <span class='ocrx_word' id='word_1_373' title='bbox 2156 4083 2274 4124; x_wconf 90' lang='lat' dir='ltr'>non</span> <span class='ocrx_word' id='word_1_374' title='bbox 2293 4069 2472 4122; x_wconf 87' lang='lat' dir='ltr'>esset</span> <span class='ocrx_word' id='word_1_375' title='bbox 2510 4060 2569 4118; x_wconf 88' lang='lat' dir='ltr'>in</span> 
     </span>
     <span class='ocr_line' id='line_1_42' title="bbox 389 4153 2563 4241; baseline 0.001 -28"><span class='ocrx_word' id='word_1_376' title='bbox 389 4156 523 4216; x_wconf 81' lang='lat' dir='ltr'>fatis</span> <span class='ocrx_word' id='word_1_377' title='bbox 550 4167 613 4216; x_wconf 90' lang='lat' dir='ltr'>ut</span> <span class='ocrx_word' id='word_1_378' title='bbox 640 4157 751 4220; x_wconf 84' lang='lat' dir='ltr'>hac</span> <span class='ocrx_word' id='word_1_379' title='bbox 778 4159 963 4220; x_wconf 82' lang='lat' dir='ltr'>classe</span> <span class='ocrx_word' id='word_1_380' title='bbox 993 4161 1165 4220; x_wconf 86' lang='lat' dir='ltr'>Naxii</span> <span class='ocrx_word' id='word_1_381' title='bbox 1192 4163 1595 4241; x_wconf 86' lang='lat' dir='ltr'>perderentur,</span> <span class='ocrx_word' id='word_1_382' title='bbox 1623 4181 1715 4222; x_wconf 87' lang='lat' dir='ltr'>res</span> <span class='ocrx_word' id='word_1_383' title='bbox 1743 4161 1953 4222; x_wconf 78' lang='lat' dir='ltr'>accidit</span> <span class='ocrx_word' id='word_1_384' title='bbox 1976 4156 2366 4238; x_wconf 74' lang='lat' dir='ltr'>hujusmodi.</span> <span class='ocrx_word' id='word_1_385' title='bbox 2407 4153 2563 4212; x_wconf 87' lang='lat' dir='ltr'>Dum</span> 
     </span>
     <span class='ocr_line' id='line_1_43' title="bbox 394 4237 2646 4332; baseline -0.002 -24"><span class='ocrx_word' id='word_1_386' title='bbox 394 4250 687 4310; x_wconf 81' lang='lat' dir='ltr'>custodias</span> <span class='ocrx_word' id='word_1_387' title='bbox 722 4237 949 4310; x_wconf 80' lang='lat' dir='ltr'>navium</span> <span class='ocrx_word' id='word_1_388' title='bbox 980 4253 1100 4312; x_wconf 87' lang='lat' dir='ltr'>obit</span> <span class='ocrx_word' id='word_1_389' title='bbox 1128 4254 1492 4332; x_wconf 86' lang='lat' dir='ltr'>Megabates,</span> <span class='ocrx_word' id='word_1_390' title='bbox 1511 4255 1709 4314; x_wconf 83' lang='lat' dir='ltr'>forte</span> <span class='ocrx_word' id='word_1_391' title='bbox 1692 4275 1752 4314; x_wconf 89' lang='grc' dir='ltr'>ιιι</span> <span class='ocrx_word' id='word_1_392' title='bbox 1777 4273 1926 4314; x_wconf 81' lang='lat' dir='ltr'>nave</span> <span class='ocrx_word' id='word_1_393' title='bbox 1954 4250 2201 4332; x_wconf 85' lang='lat' dir='ltr'>Myndia</span> <span class='ocrx_word' id='word_1_394' title='bbox 2224 4262 2398 4308; x_wconf 85' lang='lat' dir='ltr'>nemo</span> <span class='ocrx_word' id='word_1_395' title='bbox 2442 4256 2565 4306; x_wconf 89' lang='lat' dir='ltr'>erat</span> <span class='ocrx_word' id='word_1_396' title='bbox 2629 4299 2646 4314; x_wconf 71' lang='grc'><strong>,</strong></span> 
     </span>
     <span class='ocr_line' id='line_1_44' title="bbox 390 4341 2596 4426; baseline 0 -30"><span class='ocrx_word' id='word_1_397' title='bbox 390 4341 487 4418; x_wconf 75' lang='lat' dir='ltr'>qui</span> <span class='ocrx_word' id='word_1_398' title='bbox 505 4343 833 4403; x_wconf 78' lang='lat' dir='ltr'>custodiam</span> <span class='ocrx_word' id='word_1_399' title='bbox 860 4356 1077 4423; x_wconf 84' lang='lat' dir='ltr'>ageret.</span> <span class='ocrx_word' id='word_1_400' title='bbox 1157 4349 1293 4412; x_wconf 83' lang='lat' dir='ltr'>&#39;Qua</span> <span class='ocrx_word' id='word_1_401' title='bbox 1320 4367 1383 4406; x_wconf 88' lang='lat' dir='ltr'>re</span> <span class='ocrx_word' id='word_1_402' title='bbox 1409 4347 1508 4406; x_wconf 89' lang='lat' dir='ltr'>ille</span> <span class='ocrx_word' id='word_1_403' title='bbox 1529 4341 1882 4426; x_wconf 62' lang='lat' dir='ltr'>indignatus,</span> <span class='ocrx_word' id='word_1_404' title='bbox 1902 4345 2073 4421; x_wconf 84' lang='lat' dir='ltr'>jussit</span> <span class='ocrx_word' id='word_1_405' title='bbox 2099 4341 2376 4403; x_wconf 80' lang='lat' dir='ltr'>satellites</span> <span class='ocrx_word' id='word_1_406' title='bbox 2403 4344 2562 4418; x_wconf 75' lang='lat' dir='ltr'>quoe·</span> <span class='ocrx_word' id='word_1_407' title='bbox 2589 4365 2596 4375; x_wconf 92' lang='lat'><strong>·</strong></span> 
     </span>
     <span class='ocr_line' id='line_1_45' title="bbox 384 4433 2564 4517; baseline 0 -29"><span class='ocrx_word' id='word_1_408' title='bbox 384 4449 515 4490; x_wconf 84' lang='lat' dir='ltr'>rere</span> <span class='ocrx_word' id='word_1_409' title='bbox 545 4433 717 4510; x_wconf 84' lang='lat' dir='ltr'>hujus</span> <span class='ocrx_word' id='word_1_410' title='bbox 758 4437 917 4498; x_wconf 83' lang='lat' dir='ltr'>navis</span> <span class='ocrx_word' id='word_1_411' title='bbox 955 4438 1320 4517; x_wconf 74' lang='lat' dir='ltr'>praefectum,</span> <span class='ocrx_word' id='word_1_412' title='bbox 1352 4439 1448 4499; x_wconf 89' lang='lat' dir='ltr'>cui</span> <span class='ocrx_word' id='word_1_413' title='bbox 1473 4458 1686 4500; x_wconf 88' lang='lat' dir='ltr'>nomen</span> <span class='ocrx_word' id='word_1_414' title='bbox 1728 4449 1852 4500; x_wconf 87' lang='lat' dir='ltr'>erat</span> <span class='ocrx_word' id='word_1_415' title='bbox 1883 4438 2124 4517; x_wconf 81' lang='lat' dir='ltr'>Scylax,</span> <span class='ocrx_word' id='word_1_416' title='bbox 2160 4439 2564 4512; x_wconf 83' lang='lat' dir='ltr'>repertumque</span> 
     </span>
    </p>
   </div>
   <div class='ocr_carea' id='block_1_3' title="bbox 2795 1547 2809 2176">
    <p class='ocr_par' dir='ltr' id='par_1_7' title="bbox 2795 1547 2809 2176">
     <span class='ocr_line' id='line_1_46' title="bbox 2795 1547 2809 2176; baseline 0 0"><span class='ocrx_word' id='word_1_417' title='bbox 2795 1547 2809 2176; x_wconf 95' lang='lat' dir='ltr'> </span> 
     </span>
    </p>
   </div>
  </div>
 </body>
</html>
