<?xml version="1.0" encoding="UTF-8"?>
<!DOCTYPE html PUBLIC "-//W3C//DTD XHTML 1.0 Transitional//EN"
    "http://www.w3.org/TR/xhtml1/DTD/xhtml1-transitional.dtd">
<html xmlns="http://www.w3.org/1999/xhtml" xml:lang="en" lang="en">
 <head>
  <title>
</title>
<meta http-equiv="Content-Type" content="text/html;charset=utf-8" />
  <meta name='ocr-system' content='tesseract 3.04.00' />
  <meta name='ocr-capabilities' content='ocr_page ocr_carea ocr_par ocr_line ocrx_word'/>
</head>
<body>
  <div class='ocr_page' id='page_1' title='image "./missing/herodotimussive00wessgoog/herodotimussive00wessgoog_0329.png"; bbox 0 0 2817 4792; ppageno 0'>
   <div class='ocr_carea' id='block_1_1' title="bbox 1098 307 2348 370">
    <p class='ocr_par' dir='ltr' id='par_1_1' title="bbox 1098 307 2348 370">
     <span class='ocr_line' id='line_1_1' title="bbox 1098 307 2348 370; baseline 0.002 -4"><span class='ocrx_word' id='word_1_1' title='bbox 1098 307 1411 368; x_wconf 73' lang='lat' dir='ltr'><strong>ERATO.</strong></span> <span class='ocrx_word' id='word_1_2' title='bbox 1970 341 1978 344; x_wconf 90' lang='lat'><em>-</em></span> <span class='ocrx_word' id='word_1_3' title='bbox 2225 311 2348 370; x_wconf 78' lang='lat'><strong>819</strong></span> 
     </span>
    </p>
   </div>
   <div class='ocr_carea' id='block_1_2' title="bbox 122 431 2443 3277">
    <p class='ocr_par' dir='ltr' id='par_1_2' title="bbox 122 431 2443 3258">
     <span class='ocr_line' id='line_1_2' title="bbox 139 431 2354 514; baseline -0.001 -18"><span class='ocrx_word' id='word_1_4' title='bbox 139 446 391 496; x_wconf 83' lang='lat' dir='ltr'><strong>mutuo</strong></span> <span class='ocrx_word' id='word_1_5' title='bbox 430 431 695 506; x_wconf 82' lang='lat' dir='ltr'><strong>ferebant</strong></span> <span class='ocrx_word' id='word_1_6' title='bbox 734 451 950 511; x_wconf 84' lang='lat' dir='ltr'><strong>opem:</strong></span> <span class='ocrx_word' id='word_1_7' title='bbox 993 444 1187 514; x_wconf 84' lang='lat' dir='ltr'><strong>atque</strong></span> <span class='ocrx_word' id='word_1_8' title='bbox 1211 436 1385 496; x_wconf 84' lang='lat' dir='ltr'><strong>etiam</strong></span> <span class='ocrx_word' id='word_1_9' title='bbox 1424 433 1750 496; x_wconf 76' lang='lat' dir='ltr'><strong>dominari·</strong></span> <span class='ocrx_word' id='word_1_10' title='bbox 1733 453 1797 492; x_wconf 91' lang='grc' dir='ltr'><strong>ιιι</strong></span> <span class='ocrx_word' id='word_1_11' title='bbox 1831 433 1958 492; x_wconf 76' lang='lat' dir='ltr'><strong>illos</strong></span> <span class='ocrx_word' id='word_1_12' title='bbox 1997 432 2058 490; x_wconf 88' lang='lat' dir='ltr'><strong>hi</strong></span> <span class='ocrx_word' id='word_1_13' title='bbox 2095 432 2256 512; x_wconf 85' lang='lat' dir='ltr'><strong>pueri</strong></span> <span class='ocrx_word' id='word_1_14' title='bbox 2292 434 2354 493; x_wconf 89' lang='lat' dir='ltr'><strong>in</strong></span> 
     </span>
     <span class='ocr_line' id='line_1_3' title="bbox 144 518 2443 605; baseline 0 -20"><span class='ocrx_word' id='word_1_15' title='bbox 144 527 443 586; x_wconf 81' lang='lat' dir='ltr'><strong>animum</strong></span> <span class='ocrx_word' id='word_1_16' title='bbox 470 524 839 594; x_wconf 77' lang='lat' dir='ltr'><strong>induxerant,</strong></span> <span class='ocrx_word' id='word_1_17' title='bbox 868 525 1159 604; x_wconf 87' lang='lat' dir='ltr'><strong>multoque</strong></span> <span class='ocrx_word' id='word_1_18' title='bbox 1200 527 1393 586; x_wconf 79' lang='lat' dir='ltr'><strong>alteris</strong></span> <span class='ocrx_word' id='word_1_19' title='bbox 1423 525 1832 605; x_wconf 80' lang='lat' dir='ltr'><strong>praevalebant.</strong></span> <span class='ocrx_word' id='word_1_20' title='bbox 1915 525 2092 592; x_wconf 84' lang='lat' dir='ltr'><strong>Quod</strong></span> <span class='ocrx_word' id='word_1_21' title='bbox 2117 525 2216 584; x_wconf 90' lang='lat' dir='ltr'><strong>ubi</strong></span> <span class='ocrx_word' id='word_1_22' title='bbox 2242 525 2356 586; x_wconf 86' lang='lat' dir='ltr'><strong>Pe·</strong></span> <span class='ocrx_word' id='word_1_23' title='bbox 2436 518 2443 526; x_wconf 68' lang='grc'><em>’</em></span> 
     </span>
     <span class='ocr_line' id='line_1_4' title="bbox 140 615 2358 696; baseline 0.002 -22"><span class='ocrx_word' id='word_1_24' title='bbox 140 616 337 694; x_wconf 76' lang='lat' dir='ltr'><strong>lasgi</strong></span> <span class='ocrx_word' id='word_1_25' title='bbox 360 615 725 686; x_wconf 84' lang='lat' dir='ltr'><strong>intellexere,</strong></span> <span class='ocrx_word' id='word_1_26' title='bbox 742 633 859 674; x_wconf 90' lang='lat' dir='ltr'><strong>non</strong></span> <span class='ocrx_word' id='word_1_27' title='bbox 876 617 1281 695; x_wconf 83' lang='lat' dir='ltr'><strong>negligendam</strong></span> <span class='ocrx_word' id='word_1_28' title='bbox 1298 637 1428 678; x_wconf 86' lang='lat' dir='ltr'><strong>eam</strong></span> <span class='ocrx_word' id='word_1_29' title='bbox 1448 636 1572 677; x_wconf 87' lang='lat' dir='ltr'><strong>rem</strong></span> <span class='ocrx_word' id='word_1_30' title='bbox 1597 627 1913 696; x_wconf 75' lang='lat' dir='ltr'><strong>putarunt3</strong></span> <span class='ocrx_word' id='word_1_31' title='bbox 1941 615 2358 678; x_wconf 75' lang='lat' dir='ltr'><strong>deliberantes-</strong></span> 
     </span>
     <span class='ocr_line' id='line_1_5' title="bbox 147 706 2360 792; baseline 0.001 -26"><span class='ocrx_word' id='word_1_32' title='bbox 147 727 300 785; x_wconf 79' lang='lat' dir='ltr'><strong>que</strong></span> <span class='ocrx_word' id='word_1_33' title='bbox 339 706 577 766; x_wconf 84' lang='lat' dir='ltr'><strong>incessit</strong></span> <span class='ocrx_word' id='word_1_34' title='bbox 617 717 827 779; x_wconf 90' lang='lat' dir='ltr'><strong>metus,</strong></span> <span class='ocrx_word' id='word_1_35' title='bbox 854 708 1125 792; x_wconf 81' lang='lat' dir='ltr'><strong>quidnam</strong></span> <span class='ocrx_word' id='word_1_36' title='bbox 1148 708 1357 768; x_wconf 86' lang='lat' dir='ltr'><strong>facturi</strong></span> <span class='ocrx_word' id='word_1_37' title='bbox 1396 709 1458 766; x_wconf 93' lang='lat' dir='ltr'><strong>hi</strong></span> <span class='ocrx_word' id='word_1_38' title='bbox 1499 709 1660 790; x_wconf 86' lang='lat' dir='ltr'><strong>pueri</strong></span> <span class='ocrx_word' id='word_1_39' title='bbox 1688 720 1882 768; x_wconf 84' lang='lat' dir='ltr'><strong>essent</strong></span> <span class='ocrx_word' id='word_1_40' title='bbox 1907 708 2135 788; x_wconf 86' lang='lat' dir='ltr'><strong>quando</strong></span> <span class='ocrx_word' id='word_1_41' title='bbox 2173 708 2360 768; x_wconf 87' lang='lat' dir='ltr'><strong>adulti</strong></span> 
     </span>
     <span class='ocr_line' id='line_1_6' title="bbox 148 799 2360 880; baseline 0.002 -24"><span class='ocrx_word' id='word_1_42' title='bbox 148 799 407 870; x_wconf 80' lang='lat' dir='ltr'><strong>forent,</strong></span> <span class='ocrx_word' id='word_1_43' title='bbox 434 799 533 876; x_wconf 90' lang='lat' dir='ltr'><strong>qui</strong></span> <span class='ocrx_word' id='word_1_44' title='bbox 546 803 667 876; x_wconf 80' lang='lat' dir='ltr'><strong>jam</strong></span> <span class='ocrx_word' id='word_1_45' title='bbox 694 817 848 858; x_wconf 88' lang='lat' dir='ltr'><strong>nunc</strong></span> <span class='ocrx_word' id='word_1_46' title='bbox 888 799 1255 867; x_wconf 80' lang='lat' dir='ltr'><strong>constitutum</strong></span> <span class='ocrx_word' id='word_1_47' title='bbox 1288 801 1539 860; x_wconf 77' lang='lat' dir='ltr'><strong>habeant</strong></span> <span class='ocrx_word' id='word_1_48' title='bbox 1566 799 1672 860; x_wconf 89' lang='lat' dir='ltr'><strong>sibi</strong></span> <span class='ocrx_word' id='word_1_49' title='bbox 1711 799 1956 860; x_wconf 84' lang='lat' dir='ltr'><strong>invicem</strong></span> <span class='ocrx_word' id='word_1_50' title='bbox 1981 810 2190 880; x_wconf 77' lang='lat' dir='ltr'><strong>praesto</strong></span> <span class='ocrx_word' id='word_1_51' title='bbox 2231 819 2360 860; x_wconf 79' lang='lat' dir='ltr'><strong>esse</strong></span> 
     </span>
     <span class='ocr_line' id='line_1_7' title="bbox 152 891 2359 973; baseline 0 -23"><span class='ocrx_word' id='word_1_52' title='bbox 152 901 399 950; x_wconf 87' lang='lat' dir='ltr'><strong>contra</strong></span> <span class='ocrx_word' id='word_1_53' title='bbox 426 891 809 973; x_wconf 83' lang='lat' dir='ltr'><strong>legitimarum</strong></span> <span class='ocrx_word' id='word_1_54' title='bbox 834 911 1081 950; x_wconf 86' lang='lat' dir='ltr'><strong>uxorum</strong></span> <span class='ocrx_word' id='word_1_55' title='bbox 1106 912 1339 970; x_wconf 88' lang='lat' dir='ltr'><strong>pueros,</strong></span> <span class='ocrx_word' id='word_1_56' title='bbox 1361 903 1538 972; x_wconf 89' lang='lat' dir='ltr'><strong>atque</strong></span> <span class='ocrx_word' id='word_1_57' title='bbox 1563 893 1653 950; x_wconf 89' lang='lat' dir='ltr'><strong>his</strong></span> <span class='ocrx_word' id='word_1_58' title='bbox 1673 892 1863 966; x_wconf 75' lang='lat' dir='ltr'><strong>velint=</strong></span> <span class='ocrx_word' id='word_1_59' title='bbox 1879 891 2174 952; x_wconf 88' lang='lat' dir='ltr'><strong>dominari.</strong></span> <span class='ocrx_word' id='word_1_60' title='bbox 2243 892 2359 950; x_wconf 87' lang='lat' dir='ltr'><strong>Ita-</strong></span> 
     </span>
     <span class='ocr_line' id='line_1_8' title="bbox 152 981 2372 1060; baseline 0 -20"><span class='ocrx_word' id='word_1_61' title='bbox 152 1001 299 1059; x_wconf 83' lang='lat' dir='ltr'><strong>que</strong></span> <span class='ocrx_word' id='word_1_62' title='bbox 332 981 655 1041; x_wconf 83' lang='lat' dir='ltr'><strong>interficere</strong></span> <span class='ocrx_word' id='word_1_63' title='bbox 684 981 1063 1042; x_wconf 84' lang='lat' dir='ltr'><strong>decreverunt</strong></span> <span class='ocrx_word' id='word_1_64' title='bbox 1090 1003 1299 1060; x_wconf 85' lang='lat' dir='ltr'><strong>pueros</strong></span> <span class='ocrx_word' id='word_1_65' title='bbox 1320 1003 1393 1042; x_wconf 86' lang='lat' dir='ltr'><strong>ex</strong></span> <span class='ocrx_word' id='word_1_66' title='bbox 1425 983 1640 1044; x_wconf 88' lang='lat' dir='ltr'><strong>Atticis</strong></span> <span class='ocrx_word' id='word_1_67' title='bbox 1667 983 1994 1046; x_wconf 80' lang='lat' dir='ltr'><strong>mulieribus</strong></span> <span class='ocrx_word' id='word_1_68' title='bbox 2037 993 2230 1042; x_wconf 82' lang='lat' dir='ltr'><strong>natos:</strong></span> <span class='ocrx_word' id='word_1_69' title='bbox 2271 982 2372 1041; x_wconf 81' lang='lat' dir='ltr'><strong>id-</strong></span> 
     </span>
     <span class='ocr_line' id='line_1_9' title="bbox 160 1072 2361 1152; baseline 0.001 -22"><span class='ocrx_word' id='word_1_70' title='bbox 160 1092 309 1152; x_wconf 85' lang='lat' dir='ltr'><strong>que</strong></span> <span class='ocrx_word' id='word_1_71' title='bbox 338 1073 514 1132; x_wconf 87' lang='lat' dir='ltr'><strong>etiam</strong></span> <span class='ocrx_word' id='word_1_72' title='bbox 552 1072 768 1142; x_wconf 84' lang='lat' dir='ltr'><strong>fecere,</strong></span> <span class='ocrx_word' id='word_1_73' title='bbox 801 1073 1081 1151; x_wconf 89' lang='lat' dir='ltr'><strong>simulque</strong></span> <span class='ocrx_word' id='word_1_74' title='bbox 1120 1093 1250 1134; x_wconf 86' lang='lat' dir='ltr'><strong>cum</strong></span> <span class='ocrx_word' id='word_1_75' title='bbox 1276 1074 1365 1134; x_wconf 89' lang='lat' dir='ltr'><strong>his</strong></span> <span class='ocrx_word' id='word_1_76' title='bbox 1402 1084 1614 1134; x_wconf 83' lang='lat' dir='ltr'><strong>matres</strong></span> <span class='ocrx_word' id='word_1_77' title='bbox 1643 1074 1976 1134; x_wconf 88' lang='lat' dir='ltr'><strong>eorumdem</strong></span> <span class='ocrx_word' id='word_1_78' title='bbox 2005 1073 2361 1133; x_wconf 88' lang='lat' dir='ltr'><strong>occiderunt.</strong></span> 
     </span>
     <span class='ocr_line' id='line_1_10' title="bbox 166 1164 2362 1245; baseline 0.001 -22"><span class='ocrx_word' id='word_1_79' title='bbox 166 1167 394 1244; x_wconf 84' lang='lat' dir='ltr'><strong>Atque</strong></span> <span class='ocrx_word' id='word_1_80' title='bbox 414 1166 488 1223; x_wconf 89' lang='lat' dir='ltr'><strong>ab</strong></span> <span class='ocrx_word' id='word_1_81' title='bbox 517 1165 626 1224; x_wconf 90' lang='lat' dir='ltr'><strong>hoc</strong></span> <span class='ocrx_word' id='word_1_82' title='bbox 652 1164 929 1235; x_wconf 80' lang='lat' dir='ltr'><strong>facinore,</strong></span> <span class='ocrx_word' id='word_1_83' title='bbox 959 1175 1019 1240; x_wconf 80' lang='lat' dir='ltr'><strong>et</strong></span> <span class='ocrx_word' id='word_1_84' title='bbox 1046 1165 1121 1224; x_wconf 86' lang='lat' dir='ltr'><strong>ab</strong></span> <span class='ocrx_word' id='word_1_85' title='bbox 1147 1185 1221 1226; x_wconf 88' lang='lat' dir='ltr'><strong>eo</strong></span> <span class='ocrx_word' id='word_1_86' title='bbox 1248 1167 1405 1245; x_wconf 89' lang='lat' dir='ltr'><strong>quod</strong></span> <span class='ocrx_word' id='word_1_87' title='bbox 1432 1167 1568 1226; x_wconf 89' lang='lat' dir='ltr'><strong>olim</strong></span> <span class='ocrx_word' id='word_1_88' title='bbox 1593 1167 1862 1227; x_wconf 88' lang='lat' dir='ltr'><strong>mulieres</strong></span> <span class='ocrx_word' id='word_1_89' title='bbox 1887 1165 2146 1224; x_wconf 78' lang='lat' dir='ltr'><strong>Lemniae</strong></span> <span class='ocrx_word' id='word_1_90' title='bbox 2172 1175 2362 1244; x_wconf 85' lang='lat' dir='ltr'><strong>patra·</strong></span> 
     </span>
     <span class='ocr_line' id='line_1_11' title="bbox 163 1255 2366 1335; baseline 0 -20"><span class='ocrx_word' id='word_1_91' title='bbox 163 1266 420 1326; x_wconf 80' lang='lat' dir='ltr'><strong>verant,</strong></span> <span class='ocrx_word' id='word_1_92' title='bbox 449 1257 683 1316; x_wconf 87' lang='lat' dir='ltr'><strong>maritos</strong></span> <span class='ocrx_word' id='word_1_93' title='bbox 708 1275 841 1316; x_wconf 87' lang='lat' dir='ltr'><strong>suos</strong></span> <span class='ocrx_word' id='word_1_94' title='bbox 866 1257 1037 1316; x_wconf 90' lang='lat' dir='ltr'><strong>simul</strong></span> <span class='ocrx_word' id='word_1_95' title='bbox 1067 1276 1199 1316; x_wconf 88' lang='lat' dir='ltr'><strong>cum</strong></span> <span class='ocrx_word' id='word_1_96' title='bbox 1230 1255 1498 1318; x_wconf 81' lang='lat' dir='ltr'><strong>Thoante</strong></span> <span class='ocrx_word' id='word_1_97' title='bbox 1542 1258 1898 1330; x_wconf 78' lang='lat' dir='ltr'><strong>occidentes,</strong></span> <span class='ocrx_word' id='word_1_98' title='bbox 1923 1271 2029 1317; x_wconf 73' lang='lat' dir='ltr'><strong>usu</strong></span> <span class='ocrx_word' id='word_1_99' title='bbox 2067 1267 2366 1335; x_wconf 88' lang='lat' dir='ltr'><strong>receptum</strong></span> 
     </span>
     <span class='ocr_line' id='line_1_12' title="bbox 166 1348 2367 1428; baseline -0.001 -20"><span class='ocrx_word' id='word_1_100' title='bbox 166 1369 301 1428; x_wconf 78' lang='lat' dir='ltr'><strong>per</strong></span> <span class='ocrx_word' id='word_1_101' title='bbox 329 1348 650 1406; x_wconf 82' lang='lat' dir='ltr'><strong>universam</strong></span> <span class='ocrx_word' id='word_1_102' title='bbox 678 1348 967 1408; x_wconf 86' lang='lat' dir='ltr'><strong>Graeciam</strong></span> <span class='ocrx_word' id='word_1_103' title='bbox 995 1359 1105 1420; x_wconf 88' lang='lat' dir='ltr'><strong>est,</strong></span> <span class='ocrx_word' id='word_1_104' title='bbox 1133 1360 1201 1406; x_wconf 86' lang='lat' dir='ltr'><strong>ut</strong></span> <span class='ocrx_word' id='word_1_105' title='bbox 1224 1351 1439 1428; x_wconf 61' lang='lat' dir='ltr'><strong>nefaria</strong></span> <span class='ocrx_word' id='word_1_106' title='bbox 1456 1350 1711 1408; x_wconf 81' lang='lat' dir='ltr'><strong>facinora</strong></span> <span class='ocrx_word' id='word_1_107' title='bbox 1739 1350 1961 1408; x_wconf 81' lang='lat' dir='ltr'><strong>Lemnia</strong></span> <span class='ocrx_word' id='word_1_108' title='bbox 1983 1348 2367 1426; x_wconf 87' lang='lat' dir='ltr'><strong>adpellentur.</strong></span> 
     </span>
     <span class='ocr_line' id='line_1_13' title="bbox 273 1440 2370 1534; baseline 0 -34"><span class='ocrx_word' id='word_1_109' title='bbox 273 1445 419 1500; x_wconf 80' lang='lat'><strong>139.</strong></span> <span class='ocrx_word' id='word_1_110' title='bbox 464 1440 777 1518; x_wconf 86' lang='lat' dir='ltr'><strong>Postquam</strong></span> <span class='ocrx_word' id='word_1_111' title='bbox 796 1459 1007 1534; x_wconf 81' lang='lat' dir='ltr'><strong>pueros</strong></span> <span class='ocrx_word' id='word_1_112' title='bbox 1028 1459 1354 1519; x_wconf 82' lang='lat' dir='ltr'><strong>uxoresque</strong></span> <span class='ocrx_word' id='word_1_113' title='bbox 1376 1441 1606 1519; x_wconf 82' lang='lat' dir='ltr'><strong>Pelasgi</strong></span> <span class='ocrx_word' id='word_1_114' title='bbox 1625 1440 2056 1510; x_wconf 83' lang='lat' dir='ltr'><strong>interfecerant,</strong></span> <span class='ocrx_word' id='word_1_115' title='bbox 2081 1459 2192 1500; x_wconf 87' lang='lat' dir='ltr'><strong>nec</strong></span> <span class='ocrx_word' id='word_1_116' title='bbox 2212 1451 2370 1500; x_wconf 87' lang='lat' dir='ltr'><strong>terra</strong></span> 
     </span>
     <span class='ocr_line' id='line_1_14' title="bbox 171 1526 2370 1625; baseline 0.001 -36"><span class='ocrx_word' id='word_1_117' title='bbox 171 1531 309 1589; x_wconf 81' lang='lat' dir='ltr'><strong>illis</strong></span> <span class='ocrx_word' id='word_1_118' title='bbox 336 1526 587 1590; x_wconf 69' lang='lat' dir='ltr'><strong>fructum</strong></span> <span class='ocrx_word' id='word_1_119' title='bbox 616 1532 844 1602; x_wconf 87' lang='lat' dir='ltr'><strong>edebat,</strong></span> <span class='ocrx_word' id='word_1_120' title='bbox 872 1550 1063 1610; x_wconf 88' lang='lat' dir='ltr'><strong>neque</strong></span> <span class='ocrx_word' id='word_1_121' title='bbox 1104 1551 1317 1594; x_wconf 86' lang='lat' dir='ltr'><strong>uxores</strong></span> <span class='ocrx_word' id='word_1_122' title='bbox 1353 1542 1424 1591; x_wconf 86' lang='lat' dir='ltr'><strong>et</strong></span> <span class='ocrx_word' id='word_1_123' title='bbox 1463 1551 1672 1610; x_wconf 82' lang='lat' dir='ltr'><strong>greges</strong></span> <span class='ocrx_word' id='word_1_124' title='bbox 1711 1540 2062 1625; x_wconf 75' lang='lat' dir='ltr'><strong>pepererunt</strong></span> <span class='ocrx_word' id='word_1_125' title='bbox 2089 1540 2154 1588; x_wconf 81' lang='lat' dir='ltr'><strong>ut</strong></span> <span class='ocrx_word' id='word_1_126' title='bbox 2179 1541 2370 1592; x_wconf 87' lang='lat' dir='ltr'><strong>antea.</strong></span> 
     </span>
     <span class='ocr_line' id='line_1_15' title="bbox 180 1618 2370 1702; baseline 0 -22"><span class='ocrx_word' id='word_1_127' title='bbox 180 1624 412 1700; x_wconf 79' lang='lat' dir='ltr'><strong>Itaque</strong></span> <span class='ocrx_word' id='word_1_128' title='bbox 449 1633 509 1682; x_wconf 89' lang='lat' dir='ltr'><strong>et</strong></span> <span class='ocrx_word' id='word_1_129' title='bbox 549 1622 723 1682; x_wconf 85' lang='lat' dir='ltr'><strong>fame</strong></span> <span class='ocrx_word' id='word_1_130' title='bbox 729 1619 909 1702; x_wconf 89' lang='lat' dir='ltr'><strong>pressi</strong></span> <span class='ocrx_word' id='word_1_131' title='bbox 948 1634 1009 1682; x_wconf 91' lang='lat' dir='ltr'><strong>et</strong></span> <span class='ocrx_word' id='word_1_132' title='bbox 1048 1624 1311 1694; x_wconf 85' lang='lat' dir='ltr'><strong>orbitate,</strong></span> <span class='ocrx_word' id='word_1_133' title='bbox 1341 1623 1606 1700; x_wconf 75' lang='lat' dir='ltr'><strong>Delphos</strong></span> <span class='ocrx_word' id='word_1_134' title='bbox 1645 1619 1940 1692; x_wconf 84' lang='lat' dir='ltr'><strong>miserunt,</strong></span> <span class='ocrx_word' id='word_1_135' title='bbox 1977 1618 2240 1693; x_wconf 64' lang='lat' dir='ltr'><strong>levamen</strong></span> <span class='ocrx_word' id='word_1_136' title='bbox 2266 1621 2370 1680; x_wconf 85' lang='lat' dir='ltr'><strong>ali·</strong></span> 
     </span>
     <span class='ocr_line' id='line_1_16' title="bbox 182 1709 2372 1794; baseline -0.001 -21"><span class='ocrx_word' id='word_1_137' title='bbox 182 1714 366 1794; x_wconf 89' lang='lat' dir='ltr'><strong>quod</strong></span> <span class='ocrx_word' id='word_1_138' title='bbox 415 1712 719 1792; x_wconf 78' lang='lat' dir='ltr'><strong>precantes</strong></span> <span class='ocrx_word' id='word_1_139' title='bbox 763 1715 1061 1774; x_wconf 86' lang='lat' dir='ltr'><strong>malorum.</strong></span> <span class='ocrx_word' id='word_1_140' title='bbox 1142 1714 1295 1773; x_wconf 88' lang='lat' dir='ltr'><strong>Tum</strong></span> <span class='ocrx_word' id='word_1_141' title='bbox 1342 1713 1554 1793; x_wconf 83' lang='lat' dir='ltr'><strong>Pythia</strong></span> <span class='ocrx_word' id='word_1_142' title='bbox 1583 1713 1764 1791; x_wconf 83' lang='lat' dir='ltr'><strong>jussit</strong></span> <span class='ocrx_word' id='word_1_143' title='bbox 1808 1733 1910 1773; x_wconf 87' lang='lat' dir='ltr'><strong>eos</strong></span> <span class='ocrx_word' id='word_1_144' title='bbox 1949 1709 2372 1791; x_wconf 59' lang='lat' dir='ltr'><strong>satisfactionem</strong></span> 
     </span>
     <span class='ocr_line' id='line_1_17' title="bbox 122 1801 2372 1882; baseline 0 -20"><span class='ocrx_word' id='word_1_145' title='bbox 122 1873 134 1880; x_wconf 46' lang='lat'><em>,</em></span> <span class='ocrx_word' id='word_1_146' title='bbox 188 1807 337 1863; x_wconf 80' lang='lat' dir='ltr'><strong>dare</strong></span> <span class='ocrx_word' id='word_1_147' title='bbox 365 1805 787 1864; x_wconf 73' lang='lat' dir='ltr'><strong>Atheniensibus</strong></span> <span class='ocrx_word' id='word_1_148' title='bbox 802 1809 1177 1882; x_wconf 70' lang='lat' dir='ltr'><strong>quamcumque</strong></span> <span class='ocrx_word' id='word_1_149' title='bbox 1202 1807 1290 1873; x_wconf 74' lang='lat' dir='ltr'><strong>illi</strong></span> <span class='ocrx_word' id='word_1_150' title='bbox 1319 1807 1718 1881; x_wconf 73' lang='lat' dir='ltr'><strong>postulassent:</strong></span> <span class='ocrx_word' id='word_1_151' title='bbox 1761 1816 1824 1864; x_wconf 89' lang='lat' dir='ltr'><strong>et</strong></span> <span class='ocrx_word' id='word_1_152' title='bbox 1851 1801 2132 1864; x_wconf 79' lang='lat' dir='ltr'><strong>Athenas</strong></span> <span class='ocrx_word' id='word_1_153' title='bbox 2141 1804 2372 1882; x_wconf 78' lang='lat' dir='ltr'><strong>Pelasgi</strong></span> 
     </span>
     <span class='ocr_line' id='line_1_18' title="bbox 184 1895 2372 1992; baseline 0.001 -38"><span class='ocrx_word' id='word_1_154' title='bbox 184 1897 439 1966; x_wconf 79' lang='lat' dir='ltr'><strong>venere,</strong></span> <span class='ocrx_word' id='word_1_155' title='bbox 464 1896 807 1968; x_wconf 78' lang='lat' dir='ltr'><strong>nunciantes</strong></span> <span class='ocrx_word' id='word_1_156' title='bbox 848 1915 911 1954; x_wconf 89' lang='lat' dir='ltr'><strong>se</strong></span> <span class='ocrx_word' id='word_1_157' title='bbox 954 1896 1356 1956; x_wconf 77' lang='lat' dir='ltr'><strong>satisfacturos</strong></span> <span class='ocrx_word' id='word_1_158' title='bbox 1383 1916 1510 1956; x_wconf 86' lang='lat' dir='ltr'><strong>esse</strong></span> <span class='ocrx_word' id='word_1_159' title='bbox 1553 1916 1657 1992; x_wconf 75' lang='lat' dir='ltr'><strong>pro</strong></span> <span class='ocrx_word' id='word_1_160' title='bbox 1693 1897 1850 1956; x_wconf 86' lang='lat' dir='ltr'><strong>omni</strong></span> <span class='ocrx_word' id='word_1_161' title='bbox 1881 1895 2118 1972; x_wconf 55' lang='lat' dir='ltr'><strong>injuriffi&#39;</strong></span> <span class='ocrx_word' id='word_1_162' title='bbox 2182 1897 2372 1956; x_wconf 85' lang='lat' dir='ltr'><strong>Athe-</strong></span> 
     </span>
     <span class='ocr_line' id='line_1_19' title="bbox 186 1985 2376 2077; baseline 0 -31"><span class='ocrx_word' id='word_1_163' title='bbox 186 1987 435 2051; x_wconf 81' lang='lat' dir='ltr'><strong>nienses</strong></span> <span class='ocrx_word' id='word_1_164' title='bbox 462 2006 619 2062; x_wconf 76' lang='lat' dir='ltr'><strong>vero,</strong></span> <span class='ocrx_word' id='word_1_165' title='bbox 644 1998 823 2046; x_wconf 85' lang='lat' dir='ltr'><strong>strato</strong></span> <span class='ocrx_word' id='word_1_166' title='bbox 845 1986 1040 2046; x_wconf 88' lang='lat' dir='ltr'><strong>lecto</strong></span> <span class='ocrx_word' id='word_1_167' title='bbox 1024 2005 1083 2044; x_wconf 87' lang='lat' dir='ltr'><strong>m</strong></span> <span class='ocrx_word' id='word_1_168' title='bbox 1108 1988 1409 2067; x_wconf 82' lang='lat' dir='ltr'><strong>prytaneo,</strong></span> <span class='ocrx_word' id='word_1_169' title='bbox 1442 1987 1618 2067; x_wconf 84' lang='lat' dir='ltr'><strong>quam&#39;</strong></span> <span class='ocrx_word' id='word_1_170' title='bbox 1639 1987 2018 2066; x_wconf 83' lang='lat' dir='ltr'><strong>pulcherrime</strong></span> <span class='ocrx_word' id='word_1_171' title='bbox 2045 1985 2376 2077; x_wconf 74' lang='lat' dir='ltr'><strong>potuerant,</strong></span> 
     </span>
     <span class='ocr_line' id='line_1_20' title="bbox 193 2073 2376 2158; baseline -0.001 -18"><span class='ocrx_word' id='word_1_172' title='bbox 193 2091 265 2140; x_wconf 88' lang='lat' dir='ltr'><strong>et</strong></span> <span class='ocrx_word' id='word_1_173' title='bbox 296 2079 564 2158; x_wconf 85' lang='lat' dir='ltr'><strong>adposita</strong></span> <span class='ocrx_word' id='word_1_174' title='bbox 588 2098 789 2138; x_wconf 87' lang='lat' dir='ltr'><strong>mensa</strong></span> <span class='ocrx_word' id='word_1_175' title='bbox 813 2079 979 2152; x_wconf 83' lang='lat' dir='ltr'><strong>bonis</strong></span> <span class='ocrx_word' id='word_1_176' title='bbox 996 2080 1181 2138; x_wconf 67' lang='lat' dir='ltr'><strong>rebus</strong></span> <span class='ocrx_word' id='word_1_177' title='bbox 1212 2079 1475 2140; x_wconf 82' lang='lat' dir='ltr'><strong>omnibus</strong></span> <span class='ocrx_word' id='word_1_178' title='bbox 1502 2079 1742 2158; x_wconf 85' lang='lat' dir='ltr'><strong>repleta,</strong></span> <span class='ocrx_word' id='word_1_179' title='bbox 1773 2080 2052 2156; x_wconf 82' lang='lat' dir='ltr'><strong>Pelasgos</strong></span> <span class='ocrx_word' id='word_1_180' title='bbox 2080 2073 2376 2152; x_wconf 72' lang='lat' dir='ltr'><strong>jusserunt</strong></span> 
     </span>
     <span class='ocr_line' id='line_1_21' title="bbox 197 2165 2374 2248; baseline 0.001 -20"><span class='ocrx_word' id='word_1_181' title='bbox 197 2182 415 2230; x_wconf 79' lang='lat' dir='ltr'><strong>terram</strong></span> <span class='ocrx_word' id='word_1_182' title='bbox 440 2173 589 2230; x_wconf 75' lang='lat' dir='ltr'><strong>su&#39;am</strong></span> <span class='ocrx_word' id='word_1_183' title='bbox 614 2173 743 2248; x_wconf 76' lang='lat' dir='ltr'><strong>ipsis</strong></span> <span class='ocrx_word' id='word_1_184' title='bbox 770 2165 983 2230; x_wconf 70' lang='lat' dir='ltr'><strong>tradere</strong></span> <span class='ocrx_word' id='word_1_185' title='bbox 1010 2173 1091 2230; x_wconf 79' lang='lat' dir='ltr'><strong>ita</strong></span> <span class='ocrx_word' id='word_1_186' title='bbox 1116 2181 1502 2248; x_wconf 67' lang='lat' dir='ltr'><strong>comparatam·</strong></span> <span class='ocrx_word' id='word_1_187' title='bbox 1527 2171 1782 2237; x_wconf 61' lang='lat' dir='ltr'><strong>Quibus</strong></span> <span class='ocrx_word' id='word_1_188' title='bbox 1807 2170 2038 2248; x_wconf 79' lang='lat' dir='ltr'><strong>Pelasgi</strong></span> <span class='ocrx_word' id='word_1_189' title='bbox 2064 2169 2374 2248; x_wconf 77' lang='lat' dir='ltr'><strong>responde·</strong></span> 
     </span>
     <span class='ocr_line' id='line_1_22' title="bbox 199 2261 2378 2342; baseline 0.001 -22"><span class='ocrx_word' id='word_1_190' title='bbox 199 2272 380 2321; x_wconf 87' lang='lat' dir='ltr'><strong>runt:</strong></span> <span class='ocrx_word' id='word_1_191' title='bbox 427 2271 465 2298; x_wconf 90' lang='grc'><strong>“</strong></span> <span class='ocrx_word' id='word_1_192' title='bbox 496 2262 665 2322; x_wconf 83' lang='lat' dir='ltr'><strong>Tun&#39;c</strong></span> <span class='ocrx_word' id='word_1_193' title='bbox 687 2262 846 2322; x_wconf 76' lang='lat' dir='ltr'><strong>irobis</strong></span> <span class='ocrx_word' id='word_1_194' title='bbox 868 2281 997 2322; x_wconf 90' lang='lat' dir='ltr'><strong>eam</strong></span> <span class='ocrx_word' id='word_1_195' title='bbox 1018 2264 1329 2334; x_wconf 82' lang='lat' dir='ltr'><strong>trademus,</strong></span> <span class='ocrx_word' id='word_1_196' title='bbox 1359 2282 1536 2342; x_wconf 84' lang='lat' dir='ltr'><strong>quum</strong></span> <span class='ocrx_word' id='word_1_197' title='bbox 1563 2274 1736 2322; x_wconf 75' lang='lat' dir='ltr'><strong>vento</strong></span> <span class='ocrx_word' id='word_1_198' title='bbox 1746 2264 1934 2323; x_wconf 66' lang='lat' dir='ltr'><strong>-borea</strong></span> <span class='ocrx_word' id='word_1_199' title='bbox 1952 2262 2110 2322; x_wconf 83' lang='lat' dir='ltr'><strong>navis</strong></span> <span class='ocrx_word' id='word_1_200' title='bbox 2131 2281 2166 2320; x_wconf 89' lang='lat' dir='ltr'><strong>e</strong></span> <span class='ocrx_word' id='word_1_201' title='bbox 2185 2261 2378 2322; x_wconf 62' lang='lat' dir='ltr'><strong>restra</strong></span> 
     </span>
     <span class='ocr_line' id='line_1_23' title="bbox 199 2353 2378 2434; baseline 0.001 -22"><span class='ocrx_word' id='word_1_202' title='bbox 199 2357 371 2414; x_wconf 80' lang='lat' dir='ltr'><strong>ter-&#39;ra</strong></span> <span class='ocrx_word' id='word_1_203' title='bbox 390 2355 597 2413; x_wconf 88' lang='lat' dir='ltr'><strong>eodem</strong></span> <span class='ocrx_word' id='word_1_204' title='bbox 617 2353 709 2414; x_wconf 91' lang='lat' dir='ltr'><strong>die</strong></span> <span class='ocrx_word' id='word_1_205' title='bbox 728 2355 789 2414; x_wconf 79' lang='lat' dir='ltr'><strong>i&#39;n</strong></span> <span class='ocrx_word' id='word_1_206' title='bbox 816 2363 1067 2413; x_wconf 88' lang='lat' dir='ltr'><strong>nostram</strong></span> <span class='ocrx_word' id='word_1_207' title='bbox 1079 2355 1472 2432; x_wconf 63' lang='lat' dir='ltr'><strong>&#39;pervenerit-&#39;⁹</strong></span> <span class='ocrx_word' id='word_1_208' title='bbox 1509 2356 1666 2415; x_wconf 81' lang='lat' dir='ltr'><strong>.Hoc</strong></span> <span class='ocrx_word' id='word_1_209' title='bbox 1695 2355 1911 2428; x_wconf 79' lang='lat' dir='ltr'><strong>dixere,</strong></span> <span class='ocrx_word' id='word_1_210' title='bbox 1931 2353 2200 2434; x_wconf 82' lang='lat' dir='ltr'><strong>putantes</strong></span> <span class='ocrx_word' id='word_1_211' title='bbox 2220 2353 2378 2414; x_wconf 77' lang='lat' dir='ltr'><strong>hulla</strong></span> 
     </span>
     <span class='ocr_line' id='line_1_24' title="bbox 200 2443 2376 2525; baseline 0.002 -23"><span class='ocrx_word' id='word_1_212' title='bbox 200 2443 441 2503; x_wconf 87' lang='lat' dir='ltr'><strong>ratione</strong></span> <span class='ocrx_word' id='word_1_213' title='bbox 464 2443 589 2504; x_wconf 78' lang='lat' dir='ltr'><strong>fieri</strong></span> <span class='ocrx_word' id='word_1_214' title='bbox 616 2445 673 2503; x_wconf 86' lang='lat' dir='ltr'><strong>id</strong></span> <span class='ocrx_word' id='word_1_215' title='bbox 698 2464 887 2522; x_wconf 84' lang='lat' dir='ltr'><strong>posse.</strong></span> <span class='ocrx_word' id='word_1_216' title='bbox 966 2445 1167 2504; x_wconf 86' lang='lat' dir='ltr'><strong>Attica</strong></span> <span class='ocrx_word' id='word_1_217' title='bbox 1193 2446 1343 2506; x_wconf 86' lang='lat' dir='ltr'><strong>enim</strong></span> <span class='ocrx_word' id='word_1_218' title='bbox 1369 2457 1524 2506; x_wconf 86' lang='lat' dir='ltr'><strong>terra</strong></span> <span class='ocrx_word' id='word_1_219' title='bbox 1549 2447 1752 2525; x_wconf 88' lang='lat' dir='ltr'><strong>procul</strong></span> <span class='ocrx_word' id='word_1_220' title='bbox 1781 2467 1818 2505; x_wconf 92' lang='lat' dir='ltr'><strong>a</strong></span> <span class='ocrx_word' id='word_1_221' title='bbox 1835 2447 2062 2506; x_wconf 86' lang='lat' dir='ltr'><strong>Lemno</strong></span> <span class='ocrx_word' id='word_1_222' title='bbox 2081 2447 2376 2520; x_wconf 78' lang='lat' dir='ltr'><strong>meridiem</strong></span> 
     </span>
     <span class='ocr_line' id='line_1_25' title="bbox 204 2536 1758 2595; baseline 0.001 -1"><span class='ocrx_word' id='word_1_223' title='bbox 204 2541 412 2594; x_wconf 80' lang='lat' dir='ltr'><strong>versus</strong></span> <span class='ocrx_word' id='word_1_224' title='bbox 442 2536 553 2594; x_wconf 83' lang='lat' dir='ltr'><strong>sita</strong></span> <span class='ocrx_word' id='word_1_225' title='bbox 578 2547 684 2595; x_wconf 90' lang='lat' dir='ltr'><strong>est.</strong></span> <span class='ocrx_word' id='word_1_226' title='bbox 1103 2559 1110 2565; x_wconf 93' lang='lat'>·</span> <span class='ocrx_word' id='word_1_227' title='bbox 1240 2561 1244 2565; x_wconf 94' lang='lat'>·</span> <span class='ocrx_word' id='word_1_228' title='bbox 1489 2559 1495 2567; x_wconf 92' lang='lat'><em>·</em></span> <span class='ocrx_word' id='word_1_229' title='bbox 1525 2583 1530 2590; x_wconf 90' lang='lat'>.</span> <span class='ocrx_word' id='word_1_230' title='bbox 1749 2582 1758 2595; x_wconf 82' lang='grc'><strong>.</strong></span> 
     </span>
     <span class='ocr_line' id='line_1_26' title="bbox 295 2628 2380 2709; baseline 0.006 -23"><span class='ocrx_word' id='word_1_231' title='bbox 295 2634 439 2688; x_wconf 74' lang='grc' dir='ltr'><strong>14·οε</strong></span> <span class='ocrx_word' id='word_1_232' title='bbox 479 2628 559 2686; x_wconf 91' lang='lat' dir='ltr'><strong>Et</strong></span> <span class='ocrx_word' id='word_1_233' title='bbox 602 2640 741 2688; x_wconf 90' lang='lat' dir='ltr'><strong>tunc</strong></span> <span class='ocrx_word' id='word_1_234' title='bbox 782 2631 1013 2709; x_wconf 86' lang='lat' dir='ltr'><strong>quidem</strong></span> <span class='ocrx_word' id='word_1_235' title='bbox 1054 2631 1183 2690; x_wconf 83' lang='lat' dir='ltr'><strong>hoec</strong></span> <span class='ocrx_word' id='word_1_236' title='bbox 1226 2633 1511 2694; x_wconf 84' lang='lat' dir='ltr'><strong>hactenus</strong></span> <span class='ocrx_word' id='word_1_237' title='bbox 1559 2645 1692 2693; x_wconf 86' lang='lat' dir='ltr'><strong>acta</strong></span> <span class='ocrx_word' id='word_1_238' title='bbox 1733 2645 1910 2693; x_wconf 87' lang='lat' dir='ltr'><strong>erant.</strong></span> <span class='ocrx_word' id='word_1_239' title='bbox 1991 2637 2153 2696; x_wconf 89' lang='lat' dir='ltr'><strong>Bene</strong></span> <span class='ocrx_word' id='word_1_240' title='bbox 2189 2639 2380 2698; x_wconf 86' lang='lat' dir='ltr'><strong>multis</strong></span> 
     </span>
     <span class='ocr_line' id='line_1_27' title="bbox 206 2719 2378 2804; baseline 0.006 -28"><span class='ocrx_word' id='word_1_241' title='bbox 206 2736 359 2778; x_wconf 84' lang='lat' dir='ltr'><strong>vero</strong></span> <span class='ocrx_word' id='word_1_242' title='bbox 396 2729 530 2794; x_wconf 85' lang='lat' dir='ltr'><strong>post</strong></span> <span class='ocrx_word' id='word_1_243' title='bbox 550 2719 747 2789; x_wconf 76' lang='lat' dir='ltr'><strong>&#39;anniS,</strong></span> <span class='ocrx_word' id='word_1_244' title='bbox 786 2725 959 2798; x_wconf 84' lang='lat' dir='ltr'><strong>quum</strong></span> <span class='ocrx_word' id='word_1_245' title='bbox 1007 2722 1401 2782; x_wconf 85' lang='lat' dir='ltr'><strong>Chersonesus</strong></span> <span class='ocrx_word' id='word_1_246' title='bbox 1421 2745 1426 2752; x_wconf 87' lang='lat'><strong>·</strong></span> <span class='ocrx_word' id='word_1_247' title='bbox 1447 2723 1522 2783; x_wconf 86' lang='lat' dir='ltr'><strong>ad</strong></span> <span class='ocrx_word' id='word_1_248' title='bbox 1541 2769 1550 2804; x_wconf 91' lang='lat'><strong>·.</strong></span> <span class='ocrx_word' id='word_1_249' title='bbox 1571 2723 2012 2802; x_wconf 80' lang='lat' dir='ltr'><strong>Hellespontum</strong></span> <span class='ocrx_word' id='word_1_250' title='bbox 2059 2728 2118 2784; x_wconf 88' lang='lat' dir='ltr'><strong>in</strong></span> <span class='ocrx_word' id='word_1_251' title='bbox 2163 2725 2378 2788; x_wconf 87' lang='lat' dir='ltr'><strong>ditione</strong></span> 
     </span>
     <span class='ocr_line' id='line_1_28' title="bbox 208 2806 2379 2883; baseline 0.006 -17"><span class='ocrx_word' id='word_1_252' title='bbox 208 2820 376 2870; x_wconf 78' lang='lat' dir='ltr'><strong>esset</strong></span> <span class='ocrx_word' id='word_1_253' title='bbox 404 2806 863 2881; x_wconf 81' lang='lat' dir='ltr'><strong>Atheniensium,</strong></span> <span class='ocrx_word' id='word_1_254' title='bbox 894 2813 1191 2874; x_wconf 84' lang='lat' dir='ltr'><strong>Miltiades</strong></span> <span class='ocrx_word' id='word_1_255' title='bbox 1220 2814 1474 2874; x_wconf 68' lang='lat' dir='ltr'><strong>Cimon&#39;m</strong></span> <span class='ocrx_word' id='word_1_256' title='bbox 1513 2815 1661 2874; x_wconf 86' lang='lat' dir='ltr'><strong>filius</strong></span> <span class='ocrx_word' id='word_1_257' title='bbox 1683 2815 1950 2880; x_wconf 73' lang='lat' dir='ltr'><strong>flantibus</strong></span> <span class='ocrx_word' id='word_1_258' title='bbox 1977 2817 2167 2883; x_wconf 83' lang='lat' dir='ltr'><strong>etesiis</strong></span> <span class='ocrx_word' id='word_1_259' title='bbox 2194 2820 2379 2880; x_wconf 77' lang='lat' dir='ltr'><strong>ventis</strong></span> 
     </span>
     <span class='ocr_line' id='line_1_29' title="bbox 210 2900 2380 2987; baseline 0.004 -27"><span class='ocrx_word' id='word_1_260' title='bbox 210 2900 355 2960; x_wconf 83' lang='lat' dir='ltr'><strong>navi</strong></span> <span class='ocrx_word' id='word_1_261' title='bbox 381 2919 459 2958; x_wconf 83' lang='lat' dir='ltr'><strong>ex</strong></span> <span class='ocrx_word' id='word_1_262' title='bbox 486 2901 749 2962; x_wconf 85' lang='lat' dir='ltr'><strong>Elaeunte</strong></span> <span class='ocrx_word' id='word_1_263' title='bbox 778 2903 1127 2964; x_wconf 82' lang='lat' dir='ltr'><strong>Chersonesi</strong></span> <span class='ocrx_word' id='word_1_264' title='bbox 1150 2905 1436 2964; x_wconf 82' lang='lat' dir='ltr'><strong>Lemnum</strong></span> <span class='ocrx_word' id='word_1_265' title='bbox 1463 2905 1772 2985; x_wconf 85' lang='lat' dir='ltr'><strong>profectus,</strong></span> <span class='ocrx_word' id='word_1_266' title='bbox 1787 2905 2060 2984; x_wconf 80' lang='lat' dir='ltr'><strong>Pelasgis</strong></span> <span class='ocrx_word' id='word_1_267' title='bbox 2089 2908 2289 2987; x_wconf 80' lang='lat' dir='ltr'><strong>edixit,</strong></span> <span class='ocrx_word' id='word_1_268' title='bbox 2313 2921 2380 2968; x_wconf 86' lang='lat' dir='ltr'><strong>ut</strong></span> 
     </span>
     <span class='ocr_line' id='line_1_30' title="bbox 213 2973 2380 3078; baseline 0.004 -26"><span class='ocrx_word' id='word_1_269' title='bbox 213 2993 405 3052; x_wconf 73' lang='lat' dir='ltr'><strong>insula</strong></span> <span class='ocrx_word' id='word_1_270' title='bbox 430 2973 766 3062; x_wconf 77' lang='lat' dir='ltr'><strong>excederent,</strong></span> <span class='ocrx_word' id='word_1_271' title='bbox 806 2995 865 3052; x_wconf 91' lang='lat' dir='ltr'><strong>in</strong></span> <span class='ocrx_word' id='word_1_272' title='bbox 906 2995 1239 3056; x_wconf 85' lang='lat' dir='ltr'><strong>memoriam</strong></span> <span class='ocrx_word' id='word_1_273' title='bbox 1278 2997 1361 3054; x_wconf 84' lang='lat' dir='ltr'><strong>eis</strong></span> <span class='ocrx_word' id='word_1_274' title='bbox 1388 3016 1666 3058; x_wconf 59' lang='lat' dir='ltr'><strong>reuocans</strong></span> <span class='ocrx_word' id='word_1_275' title='bbox 1692 2993 2006 3074; x_wconf 83' lang='lat' dir='ltr'><strong>oraculum,</strong></span> <span class='ocrx_word' id='word_1_276' title='bbox 2035 3000 2203 3078; x_wconf 90' lang='lat' dir='ltr'><strong>quod</strong></span> <span class='ocrx_word' id='word_1_277' title='bbox 2217 3020 2380 3060; x_wconf 86' lang='lat' dir='ltr'><strong>num-</strong></span> 
     </span>
     <span class='ocr_line' id='line_1_31' title="bbox 209 3071 2381 3170; baseline 0.005 -28"><span class='ocrx_word' id='word_1_278' title='bbox 209 3093 393 3162; x_wconf 80' lang='lat' dir='ltr'><strong>quam</strong></span> <span class='ocrx_word' id='word_1_279' title='bbox 429 3071 727 3161; x_wconf 80' lang='lat' dir='ltr'><strong>impletum</strong></span> <span class='ocrx_word' id='word_1_280' title='bbox 764 3085 832 3142; x_wconf 86' lang='lat' dir='ltr'><strong>iri</strong></span> <span class='ocrx_word' id='word_1_281' title='bbox 872 3086 978 3144; x_wconf 86' lang='lat' dir='ltr'><strong>sibi</strong></span> <span class='ocrx_word' id='word_1_282' title='bbox 1012 3080 1431 3165; x_wconf 80' lang='lat' dir='ltr'><strong>persuaserant.</strong></span> <span class='ocrx_word' id='word_1_283' title='bbox 1513 3087 1594 3146; x_wconf 90' lang='lat' dir='ltr'><strong>Et</strong></span> <span class='ocrx_word' id='word_1_284' title='bbox 1635 3089 2107 3167; x_wconf 80' lang='lat' dir='ltr'><strong>Hephaestienses</strong></span> <span class='ocrx_word' id='word_1_285' title='bbox 2141 3091 2381 3170; x_wconf 85' lang='lat' dir='ltr'><strong>quidem</strong></span> 
     </span>
     <span class='ocr_line' id='line_1_32' title="bbox 216 3173 2384 3277; baseline 0.007 -48"><span class='ocrx_word' id='word_1_286' title='bbox 216 3185 537 3252; x_wconf 82' lang='lat' dir='ltr'><strong>paruerunt</strong></span> <span class='ocrx_word' id='word_1_287' title='bbox 555 3173 821 3253; x_wconf 86' lang='lat' dir='ltr'><strong>imperio:</strong></span> <span class='ocrx_word' id='word_1_288' title='bbox 857 3177 1122 3256; x_wconf 81' lang='lat' dir='ltr'><strong>Myrinaei</strong></span> <span class='ocrx_word' id='word_1_289' title='bbox 1146 3197 1311 3250; x_wconf 79' lang='lat' dir='ltr'><strong>vero,</strong></span> <span class='ocrx_word' id='word_1_290' title='bbox 1330 3178 1756 3244; x_wconf 85' lang='lat' dir='ltr'><strong>Chersonesum</strong></span> <span class='ocrx_word' id='word_1_291' title='bbox 1779 3191 2074 3277; x_wconf 81' lang='lat' dir='ltr'><strong>negantes</strong></span> <span class='ocrx_word' id='word_1_292' title='bbox 2085 3201 2212 3244; x_wconf 84' lang='lat' dir='ltr'><strong>esse</strong></span> <span class='ocrx_word' id='word_1_293' title='bbox 2243 3185 2384 3244; x_wconf 83' lang='lat' dir='ltr'><strong>Atti-</strong></span> 
     </span>
    </p>
   </div>
   <div class='ocr_carea' id='block_1_3' title="bbox 218 3267 2386 3466">
    <p class='ocr_par' dir='ltr' id='par_1_3' title="bbox 218 3267 2386 3426">
     <span class='ocr_line' id='line_1_33' title="bbox 218 3267 2386 3356; baseline 0.005 -30"><span class='ocrx_word' id='word_1_294' title='bbox 218 3285 379 3336; x_wconf 83' lang='lat' dir='ltr'><strong>cam,</strong></span> <span class='ocrx_word' id='word_1_295' title='bbox 408 3267 903 3346; x_wconf 83' lang='lat' dir='ltr'><strong>oppugnabantur,</strong></span> <span class='ocrx_word' id='word_1_296' title='bbox 936 3268 1125 3329; x_wconf 85' lang='lat' dir='ltr'><strong>donec</strong></span> <span class='ocrx_word' id='word_1_297' title='bbox 1144 3282 1206 3330; x_wconf 92' lang='lat' dir='ltr'><strong>et</strong></span> <span class='ocrx_word' id='word_1_298' title='bbox 1224 3271 1333 3350; x_wconf 86' lang='lat' dir='ltr'><strong>ipsi</strong></span> <span class='ocrx_word' id='word_1_299' title='bbox 1350 3271 1411 3330; x_wconf 90' lang='lat' dir='ltr'><strong>in</strong></span> <span class='ocrx_word' id='word_1_300' title='bbox 1431 3271 1782 3331; x_wconf 88' lang='lat' dir='ltr'><strong>deditionem</strong></span> <span class='ocrx_word' id='word_1_301' title='bbox 1801 3271 2100 3334; x_wconf 78' lang='lat' dir='ltr'><strong>venerunt.</strong></span> <span class='ocrx_word' id='word_1_302' title='bbox 2185 3276 2386 3356; x_wconf 82' lang='lat' dir='ltr'><strong>Atque</strong></span> 
     </span>
     <span class='ocr_line' id='line_1_34' title="bbox 220 3356 1818 3466; baseline 0.004 -51"><span class='ocrx_word' id='word_1_303' title='bbox 220 3368 315 3426; x_wconf 71' lang='lat' dir='ltr'><strong>ita</strong></span> <span class='ocrx_word' id='word_1_304' title='bbox 340 3356 625 3418; x_wconf 76' lang='lat' dir='ltr'><strong>Lemnum</strong></span> <span class='ocrx_word' id='word_1_305' title='bbox 652 3369 891 3421; x_wconf 86' lang='lat' dir='ltr'><strong>tenuere</strong></span> <span class='ocrx_word' id='word_1_306' title='bbox 922 3361 1308 3422; x_wconf 84' lang='lat' dir='ltr'><strong>Athenienses</strong></span> <span class='ocrx_word' id='word_1_307' title='bbox 1336 3374 1396 3422; x_wconf 89' lang='lat' dir='ltr'><strong>et</strong></span> <span class='ocrx_word' id='word_1_308' title='bbox 1426 3363 1818 3466; x_wconf 81' lang='lat' dir='ltr'><strong>Miltiades..</strong></span> 
     </span>
    </p>
   </div>
   <div class='ocr_carea' id='block_1_4' title="bbox 864 3839 1638 3911">
    <p class='ocr_par' dir='ltr' id='par_1_4' title="bbox 864 3839 1638 3911">
     <span class='ocr_line' id='line_1_35' title="bbox 864 3839 1638 3911; baseline 0.006 -16"><span class='ocrx_word' id='word_1_309' title='bbox 864 3839 898 3911; x_wconf 44' lang='grc' dir='ltr'>ᾗ</span> <span class='ocrx_word' id='word_1_310' title='bbox 976 3856 1151 3898; x_wconf 75' lang='lat' dir='ltr'><strong>mus</strong></span> <span class='ocrx_word' id='word_1_311' title='bbox 1196 3855 1385 3898; x_wconf 76' lang='lat' dir='ltr'><strong>nam</strong></span> <span class='ocrx_word' id='word_1_312' title='bbox 1433 3859 1638 3902; x_wconf 68' lang='lat' dir='ltr'><strong>sex-rr.</strong></span> 
     </span>
    </p>
   </div>
  </div>
 </body>
</html>
