2817 4792
424 257 544 316 m
683 323 690 328 ,
767 325 776 332 .
975 247 1427 312 nssnonon
1468 247 1805 314 ms‘ron.
1848 245 2021 310 vm.

413 379 550 438 belli
572 377 814 438 fortuna
845 388 947 438 ant
983 395 1214 458 prorsus
1253 377 1545 440 debellare
1574 377 1883 450 Graeciam,
1908 387 2013 440 ant
2050 369 2239 456 ipsam
2268 369 2607 440 honestam

415 471 575 530 obire
599 471 861 540 mortem,
887 479 1192 548 postquam
1216 465 1551 548 magnarum
1580 465 1775 530 rerum
1798 489 1903 550 spe
1927 463 2131 528 fuisset
2157 461 2382 538 elatus3
2408 471 2601 530 deni·

411 581 526 640 que
551 562 613 619 in
629 562 782 622 hanc
807 569 1030 640 partem
1055 560 1296 620 maxime
1323 562 1623 633 inclinans,
1651 571 1717 621 ut
1742 561 2029 621 Graeciam
2054 554 2391 640 subigeret:
2422 554 2605 635 hoec,

411 654 660 732 inquam,
702 671 894 712 secum
933 663 1224 732 reputans,
1250 652 1354 712 tali
1381 654 1635 725 oratione
1660 672 1861 732 regem
1888 664 1977 712 est
2002 651 2305 714 adlocutus
2328 673 2345 714 ι
2388 661 2433 686 ‘⁶
2460 654 2601 713 Do·

413 747 586 817 mine,
601 764 677 805 ne
705 744 928 806 moerori
954 746 1272 848 indulgeas,
1295 765 1489 825 neque
1508 747 1741 814 nimium
1765 766 1845 807 ex
1866 765 1939 806 eo
1954 747 2112 825 quod
2132 747 2353 807 accidit
2378 747 2595 826 capias

323 912 329 922 ἱ
415 837 700 897 dolorem!
787 837 920 896 Non
957 837 1106 896 enim
1157 837 1442 924 lignorurn
1488 849 1783 898 certamen
1828 838 1907 896 nd
1952 836 2093 896 belli
2144 838 2369 897 exituni
2410 837 2597 898 nobis

414 927 730 988 maximum
768 927 990 988 confert
1013 939 1383 998 momentum,
1414 929 1521 988 sed
1548 930 1799 988 virorum
1838 929 2231 1007 equorumque
2258 923 2593 988 certarnen.

417 1019 551 1080 Tibi
587 1037 722 1078 vero
757 1038 944 1091 nemo,
973 1039 1160 1097 neque
1201 1037 1276 1078 ex
1313 1021 1404 1080 his
1446 1021 1544 1099 qui
1584 1039 1741 1080 nunc
1780 1019 1973 1080 omnia
2010 1020 2325 1080 confecisse
2370 1021 2485 1078 tibi
2510 1021 2595 1078 vi-

417 1111 638 1181 dentur,
659 1107 1028 1170 exscensione
1047 1129 1086 1170 e
1105 1111 1342 1172 navibus
1361 1111 1519 1172 sacta
1532 1112 1795 1173 resistere
1816 1101 2133 1184 conabitur,
2146 1131 2341 1190 neque
2366 1132 2447 1172 ex
2472 1099 2591 1171 hac

416 1203 748 1264 continente
775 1202 1108 1280 quisquam·
1151 1213 1232 1274 et,
1261 1203 1362 1282 qui
1404 1197 1611 1264 contra
1650 1222 1757 1262 nos
1800 1213 2105 1274 steterunt,
2144 1203 2207 1260 hi
2248 1221 2453 1282 poenas
2484 1204 2591 1263 de-

415 1294 572 1354 dere.
653 1292 716 1352 Si
736 1293 908 1371 igitur
931 1294 1035 1353 tibi
1061 1293 1306 1364 videtur,
1335 1294 1597 1386 protinus
1627 1294 2095 1373 Peloponnesum
2120 1283 2588 1382 adgrediamur.-

421 1385 510 1444 sin
531 1385 592 1443 in
615 1384 938 1463 prasentia
965 1385 1230 1446 omittere
1271 1383 1386 1446 hoe
1425 1386 1635 1465 placet,
1677 1385 2001 1448 omittamus
2038 1375 2193 1444 licet.
2272 1375 2417 1446 Nee
2444 1405 2587 1446 vero

421 1476 784 1557 despondeas
809 1476 1092 1537 animum!
1133 1495 1244 1538 nec
1283 1478 1433 1539 enim
1474 1477 1593 1536 ullo
1620 1477 1796 1536 modo
1822 1476 2073 1555 effugere
2100 1477 2297 1536 Graeci
2320 1489 2584 1556 possunt,

415 1569 556 1648 quin
577 1567 856 1628 udonem
899 1563 1092 1630 nobis
1097 1585 1314 1639 eorum,
1341 1581 1475 1647 quaa
1500 1581 1563 1629 et
1602 1587 1756 1629 nunc
1795 1559 1857 1629 et
1894 1579 2066 1629 antea
2104 1579 2427 1646 patrarunt,
2456 1569 2585 1628 red-'

419 1660 580 1730 dant,
607 1658 1001 1720 et'servifiant
1023 1660 1122 1718 tui.
1163 1655 1359 1738 ‘Igitur
1383 1653 1499 1720 ho'c
1515 1654 1747 1740 quidem
1773 1659 2015 1720 maxime
2044 1660 2354 1737 agendum.
2380 1651 2579 1727 ⁴Quod

415 1753 465 1813 si
490 1770 624 1812 vero
649 1751 783 1813 hinc
805 1752 929 1832 ipse
955 1752 1270 1814 abscedere
1295 1763 1358 1812 et
1395 1753 1685 1814 abducere
1712 1753 2020 1813 exercitum
2046 1752 2397 1828 decreveris,
2430 1752 2581 1812 aliud

417 1863 646 1922 quoqne
669 1843 858 1905 liabeo
881 1857 1016 1926 post
1038 1846 1168 1905 haec
1197 1841 1516 1907 consilium.
1576 1845 1688 1918 Tu,
1720 1845 1878 1915 Rex,
1904 1865 1981 1904 ne
2004 1845 2297 1904 committe
2318 1855 2381 1904 ut
2410 1833 2574 1906 Grae·

417 1937 498 1996 cis
521 1936 769 1998 ludibrio
794 1937 908 1999 sint
928 1937 1140 1998 Persae.
1207 1939 1279 1997 In
1308 1937 1497 1998 Persis
1518 1937 1667 1998 enim
1692 1938 1801 1998 tuis
1826 1937 1967 1996 nihil
1988 1936 2315 1996 detrimenti
2340 1957 2435 1997 res
2458 1949 2571 1998 tuae

419 2040 783 2109 acceperunt,
805 2049 994 2110 neque
1022 2041 1084 2090 tn
1114 2031 1273 2092 dices
1301 2048 1419 2110 quo
1444 2032 1575 2090 loco
1602 2049 1639 2089 a
1662 2029 1828 2090 nobis
1846 2047 1939 2088 res
1964 2028 2111 2088 male
2139 2017 2308 2108 gestn
2334 2031 2429 2090 sit.
2474 2032 2569 2090 Sin'

422 2121 724 2182 Phoenices
750 2134 812 2182 et
837 2123 1102 2203 AEgyptii
1125 2135 1187 2182 et
1223 2123 1420 2203 Cyprii
1458 2134 1521 2182 et
1550 2115 1761 2182 Cilices
1786 2121 1937 2182 mele
1962 2113 2309 2202 pugnarunt,
2334 2123 2477 2181 nihil
2498 2125 2569 2182 ad

421 2233 526 2274 nos
549 2214 680 2272 haec
707 2213 903 2272 clades
927 2215 1196 2291 pertinet.
1277 2215 1451 2273 Nunc
1478 2214 1669 2292 igitur,
1712 2233 1887 2291 quum
1922 2233 2038 2272 non
2082 2213 2155 2271 sit
2184 2215 2349 2291 'quod
2373 2214 2569 2299 Persas

421 2306 638 2384 culpes,
665 2303 802 2380 mihi
827 2323 1046 2364 morem
1073 2323 1232 2382 gere-
1317 2304 1380 2362 si
1405 2305 1507 2364 tibi
1534 2305 1902 2366 constitutum
1930 2315 2019 2366 est
2041 2304 2137 2364 hic
2176 2325 2314 2364 ιιοιι
2324 2327 2565 2378 manere

425 2407 490 2454 ιιι
513 2396 744 2473 quidem
768 2406 900 2454 tuas
936 2396 996 2454 in
1024 2396 1191 2456 sedes
1229 2396 1492 2467 discede,
1522 2399 1796 2474 majorem
1822 2396 2123 2456 exercitus
2135 2387 2359 2474 partem
2384 2383 2567 2460 ιεειιιιι

423 2487 756 2574 abducens:
799 2497 861 2546 at
885 2505 978 2546 me
997 2495 1228 2566 oportet
1255 2488 1359 2546 tibi
1387 2483 1720 2548 Graeciam·
1706 2508 1764 2547 ιιι
1788 2489 2119 2548 servitutem
2146 2489 2442 2548 redactam
2462 2501 2565 2550 tra-

427 2577 584 2650 dere,
611 2587 914 2664 postquam
933 2579 1008 2638 de
1035 2579 1300 2640 exercitu
1326 2591 1589 2640 trecenta
1611 2579 1905 2640 hominum
1926 2575 2103 2641 millia
2130 2569 2458 2660 delegeross'

509 2675 644 2732 101.
683 2669 908 2736 Quibus
933 2670 1140 2730 auditis
1166 2669 1413 2740 Xerxes,
1438 2682 1505 2730 nt
1522 2682 1655 2750 post
1676 2671 1849 2746 mala,
1866 2672 2091 2750 gavisus
2130 2671 2562 2754 delectatusque

427 2773 539 2842 est,
565 2762 990 2859 Mardoninque
1015 2763 1116 2838 ait,
1141 2783 1200 2822 se
1223 2764 1293 2834 ei,
1311 2757 1597 2840 postquam
1620 2766 2015 2837 deliberaverit,
2050 2787 2423 2843 responsurum
2445 2783 2563 2838 esse,

427 2865 610 2916 utrum
632 2876 696 2914 ex
721 2856 822 2924 leis,
847 2873 962 2932 qnoe
979 2856 1046 2914 ab
1071 2855 1162 2914 illo
1178 2853 1461 2932 proposita
1484 2865 1609 2916 sunt
1611 2850 1905 2936 ,facturus
1932 2851 2025 2916 sit.
2108 2857 2415 2937 Postquam
2438 2865 2563 2918 νει-ο

429 2965 562 3006 cum
589 2946 818 3006 Persis
801 2966 864 3005 ιιι
893 2945 1186 3005 consilium
1217 2946 1479 3006 adhiberi
1496 2947 1676 3008 solitis
1702 2949 2067 3021 consultavit,
2092 2950 2310 3028 placuit
2332 2949 2387 3009 ei
2414 2951 2564 3010 Arte-

431 3040 649 3100 misiam
675 3057 908 3120 qnoque
946 3038 1006 3096 in
1031 3037 1331 3098 consilium
1369 3058 1595 3110 vocare,
1622 3040 1831 3146 quippe
1854 3035 2005 3120 quoe'
2028 3042 2201 3102 etiam
2224 3051 2398 3100 antea
2422 3061 2563 3101 com-

433 3146 604 3213 perta
625 3144 798 3203 esset,
825 3133 948 3194 s‘ola
969 3132 1106 3211 quid
1125 3131 1453 3192 faciendunn
1480 3135 1859 3213 perspexisse.
1898 3138 2047 3202 Quae
2068 3135 2167 3194 ubi
2185 3136 2431 3208 advenit,
2448 3139 2567 3196 sub-

433 3227 600 3284 motis
627 3224 958 3284 consiliariis
997 3221 1204 3284 Persis
1213 3233 1274 3284 et
1299 3223 1659 3296 satellitibus,
1689 3227 1816 3286 hoec
1850 3228 1927 3287 ad
1970 3247 2123 3294 eam
2146 3228 2370 3286 Xerxes
2406 3231 2564 3288 verba

431 3317 611 3376 fecit·
597 3361 612 3376 .
659 3316 1015 3377 “Hortatur
1031 3335 1124 3376 tne
1151 3315 1516 3394 Mardonius,
1546 3329 1611 3376 ut
1628 3317 1725 3377 hic
1745 3335 2023 3390 maneam,
2046 3329 2107 3378 et
2126 3311 2562 3398 Peloponnesum

433 3409 759 3488 adgrediari
777 3409 994 3480 dicens,
1017 3409 1225 3470 Pei-sss
1247 3420 1310 3470 et
1327 3410 1655 3488 pedestrem
1668 3410 1983 3470 exercitum
2004 3403 2213 3470 nullius
2230 3401 2561 3481 calamitatis,

417 3504 564 3578 quse
591 3499 750 3559 nobis
775 3500 1100 3572 accidisset,
1127 3501 1354 3580 culpam
1381 3501 1683 3573 sustinere,
1711 3512 1773 3568 et
1798 3501 2063 3564 lubentes
2088 3501 2215 3560 illos
2242 3522 2305 3559 re
2330 3503 2448 3582 ipsa
2464 3504 2561 3562 hoe

439 3611 565 3674 esse
579 3592 1094 3654 'demonstratur-os.
1170 3593 1282 3652 Me'
1307 3590 1481 3670 igitur
1518 3592 1616 3651 ille
1656 3603 1759 3652 aut
1796 3592 1911 3652 hoc
1956 3593 2153 3662 facere
2178 3593 2449 3660 hortatur,
2474 3603 2561 3652 sut

421 3684 564 3762 „ipse
589 3682 740 3742 velle
775 3701 867 3752 se,
909 3673 1005 3753 ait,
1035 3703 1168 3742 cum
1193 3683 1425 3766 selectis
1468 3683 1541 3743 de
1582 3684 1839 3744 exercitu
1863 3684 2133 3754 trecentis
2157 3684 2401 3743 millibus
2426 3685 2562 3743 Grae·

439 3776 591 3835 ciam
617 3774 752 3832 mihi
777 3773 1008 3834 tradere
1045 3775 1106 3834 in
1133 3775 1459 3834 servitutem
1486 3776 1821 3845 redactam;
1860 3797 1955 3836 me
2002 3769 2186 3856 ipsutn
2212 3771 2403 3835 autem
2419 3777 2560 3850 jubet

437 3887 574 3926 cum
592 3865 819 3944 reliquis
839 3865 1022 3944 copiis
1045 3885 1200 3925 meas
1220 3867 1296 3925 ad
1311 3866 1477 3931 sedes
1502 3867 1821 3928 discedere.
1880 3869 1975 3926 Tu
1966 3869 2191 3946 igitur,
2218 3886 2393 3945 quum
2414 3868 2557 3927 etiam

441 3961 517 4020 de
539 3959 730 4039 pugna
753 3961 956 4028 navali,
987 3979 1159 4038 quam
1197 3961 1571 4039 suscepimuS,
1612 3962 1765 4021 bene
1804 3962 1943 4021 mihi
1983 3962 2353 4033 consulueris,
2378 3975 2559 4040 negans

419 4054 592 4112 :illam
615 4051 1052 4132 suscipiendam,
1094 4071 1248 4112 nunc
1261 4071 1509 4157 ‘quoque
1534 4054 1733 4124 suade,
1759 4065 1951 4113 utrum
1973 4053 2179 4116 horum
2209 4053 2464 4114 faciendo
2484 4073 2557 4113 re-

437 4145 590 4204 ctius
610 4143 946 4228 feliciusque
965 4145 1156 4205 rebus
1163 4144 1306 4204 meis
1333 4143 1737 4206 consulueross'

525 4239 658 4296 102.
701 4235 850 4310 Ηεεε
865 4236 1182 4298 consul-enti
1207 4235 1433 4296 Xerxi
1418 4257 1476 4294 ιιι
1502 4233 1655 4296 hunc
1674 4239 1909 4299 modurn
1930 4237 2239 4300 Artemisia
2254 4159 2548 4332 respondit.
2630 4313 2635 4320 Ι

439 4325 712 4398 Difficile,
737 4327 888 4399 Rex,
923 4339 1012 4388 est
1033 4328 1116 4388 it'a
1140 4346 1232 4388 me
1271 4329 1397 4408 esse
1406 4327 1652 4433 felicem
1680 4325 1745 4390 ιιι
1772 4312 1876 4392 tib'i
1900 4327 2245 4412 consultanti
2268 4325 2468 4412 optiina
2481 4327 2551 4388 di-
