2817 4792
461 221 540 278 80
1126 206 1576 300 HERQDOTI
1619 203 1955 266 HISTOR.
2000 203 2078 261 11.
2162 267 2173 272 -

533 347 634 404 21.
673 343 867 405 Altera
901 340 990 402 via
1017 331 1270 402 inscitior
1296 351 1387 402 est
1428 339 1679 420 quidem,
1714 356 1891 416 quam
1926 333 2221 414 praedicta,
2249 329 2353 394 sed
2386 331 2469 402 (ιιι
2496 327 2593 386 ita

455 393 667 514 dicam)
701 434 1042 494 mirabilior·
1080 434 1160 494 ait
1199 435 1374 503 enim,
1415 453 1491 490 eo·
1514 433 1572 490 id
1590 431 1787 508 facere
1828 428 2040 497 Nilum,
2080 425 2221 502 quod
2259 423 2326 479 ab
2374 421 2591 477 Oceano

430 531 628 612 fluat,·
670 527 964 589 Oceanum
993 536 1186 585 autem
1212 536 1392 584 totam
1421 521 1819 582 circumfluere
1846 529 2074 588 terram.

533 623 632 678 22.
672 619 712 678 J
714 637 805 678 arn
833 617 1002 676 tertia
1024 615 1246 674 illarum
1272 617 1511 684 viarum,
1534 633 1708 694 quum
1732 611 1977 672 maxime
2003 607 2260 692 speciosa
2284 605 2379 676 sit,
2402 601 2589 662 maxi-

454 729 574 788 rne·
565 712 828 770 omnium
853 727 890 768 a
913 726 1048 766 vero
1087 709 1332 772 aberrat.
1410 707 1565 766 Nam
1593 715 1652 765 et
1683 705 1812 762 haec
1847 701 1985 760 nihil
2020 699 2181 768 dicit,
2215 715 2392 778 quum
2432 692 2527 764 ait,
2560 712 2597 748 e

455 801 747 880 liquefacta
779 801 1083 876 nivefluere
1109 799 1176 854 N
1175 800 1340 856 dum
1378 817 1549 878 quem
1588 795 1819 876 quidem
1852 792 2133 860 novimus,
2163 790 2487 868 priusquam
2523 783 2593 840 in

457 893 763 973 ,AEgyptum
803 890 998 964 intret,
1037 909 1110 953 ex
1135 889 1324 968 Libya
1354 908 1460 992 per
1498 883 1745 949 mediam
1781 887 1968 948 fluere
2002 869 2375 960 AEthiopiam.
2454 877 2595 940 Quo

454 984 627 1064 igitur
663 992 840 1062 pacto
867 1001 902 1040 e
929 981 1058 1042 nive
1084 981 1247 1057 fluat,
1267 981 1369 1060 qui
1405 1001 1441 1040 e
1470 980 1818 1043 calidissimis
1844 977 1987 1038 locis
2012 974 2178 1035 fluit
2163 993 2225 1032 ιιι
2248 953 2542 1048 frigidiora
2561 965 2597 1020 Ρ

458 1077 556 1145 Ac
583 1085 717 1136 sunt
741 1091 878 1132 sane
904 1073 1208 1152 permulta,
1239 1093 1316 1132 ex
1359 1073 1564 1152 quibus
1588 1073 1781 1142 homo,
1820 1069 1915 1148 qui
1949 1068 2177 1146 quidem
2215 1063 2479 1142 judicare
2514 1058 2599 1118 de

457 1165 674 1242 talibus
701 1165 872 1242 rebus
902 1164 1073 1236 valet,
1107 1163 1358 1242 colligat,
1385 1164 1546 1223 nullo
1588 1163 1764 1222 modo
1810 1160 2101 1242 probabile
2129 1175 2254 1216 esse
2288 1165 2453 1213 -ute
2466 1151 2598 1210 nive

459 1237 629 1318 'Nilus
650 1237 811 1315 fluat.
891 1253 1142 1314 Primum
1161 1254 1390 1336 quidem
1421 1266 1481 1314 et
1522 1255 1829 1329 maximum
1872 1252 2278 1310 documentum
2318 1242 2601 1306 exhibent

455 1347 632 1432 venti,
654 1345 751 1426 qui
765 1365 846 1406 ex
869 1344 976 1410 illis
994 1345 1135 1406 locis
1165 1345 1336 1406 calidi
1355 1346 1619 1424 perflant.
1674 1343 1907 1406 Deinde
1926 1345 2059 1412 hoc,
2085 1337 2235 1420 quod
2263 1343 2599 1396 constanter

459 1437 557 1500 illa
591 1437 750 1518 regio
776 1438 991 1516 absque
1031 1437 1303 1496 imbribus
1333 1447 1394 1496 et
1420 1438 1635 1514 absque
1678 1435 1859 1514 glacie
1887 1445 2015 1494 est·
2062 1442 2366 1512 postquam
2405 1436 2603 1486 autem

457 1530 558 1596 nix
583 1525 810 1601 decidit,
843 1527 1073 1588 omnino
1097 1547 1336 1590 necesse
1364 1539 1453 1590 est
1470 1540 1534 1588 ut
1560 1529 1706 1612 intra
1729 1528 1977 1608 quinque
2002 1524 2127 1583 dies
2160 1523 2321 1601 pluat
2342 1543 2359 1588 ς
2400 1535 2603 1598 quare,

457 1621 510 1682 si
527 1621 808 1700 ningeret
815 1621 874 1678 ιιι
900 1621 1008 1680 illis
1027 1621 1380 1698 regionibus,
1401 1621 1629 1700 plueret
1652 1621 1843 1685 etiam.
1908 1617 2166 1678 Tertium
2182 1615 2607 1680 documentum

459 1725 594 1774 sunt
611 1713 884 1790 homines,
911 1713 987 1772 ab
1005 1724 1160 1774 oestu
1177 1714 1366 1792 nigri:
1405 1725 1529 1774 tum
1553 1714 1715 1794 quod
1740 1711 1895 1770 milui
1922 1721 1982 1770 et
2006 1708 2331 1769 hirundines
2357 1723 2474 1762 non
2502 1700 2607 1760 de·

459 1805 650 1871 sinunt
669 1806 799 1866 istic
821 1825 1106 1886 perennes
1133 1824 1300 1876 esse;
1337 1825 1513 1883 grues
1540 1824 1699 1876 vero,
1726 1804 1995 1865 hiemem
2006 1800 2293 1880 Scythicae
2318 1807 2487 1856 terrae
2513 1793 2608 1850 fu-

461 1898 706 1974 gientes,
733 1896 792 1953 in
809 1897 940 1956 haec
959 1897 1090 1956 loca
1107 1907 1400 1975 tamquam
1419 1897 1479 1954 in
1498 1897 1740 1957 hiberna
1766 1894 2121 1974 confugiunt.
2202 1889 2375 1959 Quod
2391 1887 2439 1946 si
2458 1905 2607 1964 ergo

425 1977 430 1982 ⁸
459 1989 747 2066 ningeret,
768 1987 862 2044 vel
887 1987 1525 2066 quantulumcumque,
1508 2007 1567 2044 ιιι
1584 1987 1695 2048 ιιιιε
1712 1987 1949 2066 regione
1966 2004 2070 2066 per
2086 2003 2259 2064 quam
2278 1983 2483 2044 fluitet
2505 1977 2611 2038 ubi

463 2079 685 2138 initium
707 2077 858 2156 capit
883 2078 1074 2150 Nilus,
1096 2077 1235 2135 nihil
1261 2078 1463 2138 horum
1489 2088 1642 2138 esset
1658 2077 1951 2150 futurum,
1935 2102 1948 2116 ·
1990 2076 2477 2156 quemadmodum
2498 2096 2607 2136 ne-

465 2169 702 2230 cessitas
729 2168 973 2247 arguit.

543 2264 642 2320 23.
685 2260 801 2325 Qui
821 2278 957 2318 vero
985 2261 1060 2320 de
1089 2260 1330 2321 Oceano
1349 2261 1549 2334 dixit,
1534 2282 1581 2321 rs
1604 2281 1781 2340 quum
1806 2280 1965 2331 rem,
1956 2261 2051 2319 de
2048 2280 2193 2340 qua
2218 2261 2515 2339 quoeritur,
2546 2261 2613 2318 in

459 2351 777 2430 obscurum
799 2352 1082 2430 rejecerit,
1102 2351 1337 2413 refutari
1361 2373 1477 2414 non
1503 2365 1773 2420 meretur.
1852 2353 1983 2432 Ego
2010 2351 2405 2430 enim—fluvium
2434 2353 2613 2411 Ocea-

467 2465 591 2504 num
615 2445 843 2512 nullum
861 2445 1018 2504 novi.
1043 2446 1376 2510 Ηοιιιειιιιιι·
1371 2466 1545 2518 ·,vero
1562 2459 1660 2506 aut
1676 2446 1847 2508 alium
1872 2465 1949 2506 ex
1964 2444 2380 2524 antiquioribus
2390 2447 2610 2558 poetiS,

467 2548 610 2618 puto
635 2537 915 2606 invenisse
935 2556 1162 2608 nomen,
1183 2549 1245 2598 et
1264 2539 1324 2596 ιιι
1339 2539 1542 2617 poesin
1558 2537 1956 2598 introduxisse.

547 2634 644 2688 24«.
673 2628 713 2687 J
715 2647 806 2686 am
833 2629 988 2706 quod.
1007 2628 1072 2700 si,
1091 2629 1417 2708 improbatis
1442 2630 1735 2690 sententiis
1748 2649 1875 2708 quae
1894 2629 1965 2687 ab
1982 2627 2103 2688 aliis
2117 2640 2265 2704 sunt
2268 2630 2617 2708 propositae‚

470 2739 622 2786 nunc
648 2739 834 2782 meam
865 2720 939 2784 de
966 2720 1135 2780 rebus
1160 2732 1280 2786 tam
1321 2722 1563 2786 occultis
1589 2723 1776 2782 debeo
1817 2720 2128 2798 declarare,
2158 2697 2347 2780 dicam
2386 2740 2498 2799 qua
2526 2723 2611 2792 de

469 2831 670 2874 caussa
693 2811 815 2870 fieri
843 2811 979 2874 ιιιιιιι
1007 2811 1286 2885 videatur,
1313 2824 1377 2874 ut
1393 2824 1595 2890 aestate
1615 2813 1781 2874 Nilus
1798 2822 2095 2892 augeatur.
2172 2813 2437 2886 Hiberno
2460 2825 2612 2875 tem-

466 2924 609 2988 pore
635 2904 740 2976 sol,
768 2923 803 2962 a
827 2903 1017 2984 priore
1040 2923 1208 2972 cursu
1229 2925 1354 2986 per
1375 2881 1591 2968 hiemes
1618 2905 1909 2986 depulsus,
1938 2924 2042 2983 per
2068 2904 2363 3011 superiora
2400 2905 2609 2996 Libyae

470 2997 690 3066 transit.
721 2945 822 3056 ’Ita
845 2997 1185 3064 brevissimis
1205 2998 1390 3076 verbis
1407 3017 1503 3058 res
1517 3008 1639 3058 tota
1648 2997 1941 3066 declarata
1956 3006 2077 3058 est:
2108 2998 2203 3074 cui
2223 2989 2373 3059 e‘nim
2388 2997 2613 3074 regioni

470 3089 756 3170 proximus
778 3100 866 3148 est
878 3089 973 3150 hic
997 3090 1159 3164 deus,
1181 3101 1240 3150 et
1239 3111 1429 3196 supra
1452 3111 1623 3170 quam
1644 3091 1739 3150 ille
1758 3092 1975 3176 transit,
2006 3111 2132 3152 eam
2152 3101 2608 3176 consentaneum

469 3192 564 3254 est
589 3179 834 3240 maxime
859 3180 1014 3240 sitire
1037 3192 1101 3242 et
1119 3202 1290 3260 aquoe
1315 3183 1565 3262 inopiam
1590 3183 1742 3262 pati,
1758 3182 2031 3261 adeoque
2060 3182 2310 3242 maxime
2326 3183 2611 3242 exsiccari

474 3253 775 3341 fluviorum
794 3273 1164 3351 scaturigines
1197 3295 1326 3352 quae
1345 3286 1479 3334 sunt
1504 3275 1563 3334 in
1582 3295 1653 3333 ea
1669 3275 1924 3352 regione.
2586 3293 2591 3298 ·

463 3427 468 3436 ,
523 3368 649 3434 25.
687 3363 772 3422 Ut
791 3383 927 3444 vero
951 3364 1198 3442 pluribus
1225 3366 1408 3426 verbis
1426 3385 1558 3425 rem
1582 3365 1924 3442 declarem,
1910 3377 1997 3430 ita·
2015 3383 2079 3424 se
2100 3307 2335 3424 habet.
2340 3301 2483 3442 Sol,
2498 3385 2613 3442 per

465 3455 762 3536 superiora
779 3455 982 3536 Libyae
998 3458 1298 3530 transiens,
1315 3458 1460 3518 facit
1472 3459 1690 3518 hocce.
1714 3477 1897 3536 quum
1904 3457 1962 3516 ιιι
1982 3457 2092 3516 iilis
2107 3456 2263 3516 locis·
2271 3466 2603 3525 constanter

470 3567 709 3610 ,serenus
733 3547 807 3606 sit
825 3567 944 3619 aer,
969 3568 1258 3628 quumque
1281 3551 1473 3610 calida
1490 3549 1565 3610 sit
1586 3550 1711 3630 ipsa
1728 3549 1907 3628 regio,
1933 3569 2045 3626 nec
2063 3548 2220 3608 venti
2244 3548 2474 3628 frigidi-3
2494 3567 2609 3626 -per

477 3661 548 3703 ea
560 3641 693 3708 loca.
705 3639 980 3726 transiens
1000 3642 1083 3700 sol
1098 3641 1238 3702 facit
1253 3641 1424 3715 idem,
1442 3643 1819 3721 quod,aestate
1838 3642 2029 3702 facere
2044 3641 2357 3712 consuevit,
2376 3642 2613 3720 quando

473 3751 582 3812 per:
607 3724 856 3799 medium
881 3733 1088 3798 coelum
1133 3735 1351 3804 transit.
1452 3734 1695 3794 Scilicet
1714 3733 1950 3810 attrahit
1974 3735 2055 3808 ad
2073 3753 2152 3794 se
2178 3752 2405 3814 aquam,
2434 3721 2610 3794 attra-

472 3837 742 3902 ctamque
757 3824 816 3882 in
835 3825 1126 3904 superiora
1144 3825 1272 3902 loca
1297 3825 1565 3905 dispellit,
1592 3844 1761 3903 quam
1778 3824 2156 3904 suscipientes
2168 3825 2321 3898 venti
2338 3824 2611 3904 dissipan-

477 3929 682 3996 tesque
715 3916 1122 3996 liquefaciunt;
1159 3937 1232 3980 ex
1271 3937 1386 3996 quo
1430 3916 1815 4002 consequitur,
1852 3927 1917 3976 ut
1948 3917 2107 3976 venti
2142 3935 2223 3998 ert
2240 3916 2349 3976 -illa
2374 3918 2611 3995 regione

474 4011 705 4081 flantes,
719 4020 886 4070 notus
914 4021 976 4070 et
997 4010 1228 4082 africus,
1251 4010 1501 4076 omnium
1524 4021 1823 4074 ventorum
1848 4009 2091 4084 manime
2110 4009 2227 4069 sint
2244 4008 2469 4087 piuvii.-
2512 4009 2612 4076 Vi-

467 4093 648 4164 ⁴¹detur
662 4113 857 4162 autem
875 4103 1018 4162 -mihi
1033 4103 1216 4183 solzne
1243 4122 1483 4183 pmnem·
1494 4102 1725 4182 quidem
1740 4100 1867 4162 Nili
1884 4119 2111 4180 aqua-m,
2122 4119 2295 4180 quam
2314 4101 2617 4178 quotannis

399 4205 404 4212 ’
477 4196 730 4274 attrahit,
777 4215 1001 4276 semper
1029 4194 1352 4264 demittere,
1397 4193 1503 4255 sed
1537 4203 1756 4274 partem
1784 4193 1957 4255 etiam
1996 4192 2207 4268 circum
2250 4211 2315 4252 se
2334 4190 2611 4264 retinere.

478 4284 826 4370 Mitescente
861 4305 1000 4352 'vero
1026 4287 1236 4362 hieme,
1274 4287 1424 4356 redit
1444 4286 1535 4352 sol
1562 4287 1621 4356 in
1656 4285 1905 4356 medium
1938 4284 2163 4360 coelum,
2190 4294 2253 4352 et
2274 4284 2357 4344 ab
2374 4303 2455 4352 ‚eo
2482 4284 2614 4348 indo
