2817 4792
1142 289 1454 377 ERATO.
2231 297 2348 356 288

160 417 435 482 Quanto
462 417 625 477 nobis
646 401 901 497 praestat,
932 418 1155 496 quidvis
1173 419 1356 489 aliud,
1366 435 1558 510 quam
1583 417 1712 479 haec
1731 417 1905 490 mala,
1937 416 2075 495 pati,
2103 429 2162 478 et
2189 419 2348 479 futu·
2445 469 2468 506 3

156 527 310 566 ram
346 509 675 568 servitutem
696 510 887 592 potius
914 499 1181 581 tolerare,
1211 511 1635 592 qualiscumque
1657 510 1755 569 illa
1779 509 1972 580 fuerit,
2002 530 2172 589 quam
2197 511 2348 570 hanc

156 612 559 679 praesentem,
588 621 719 681 quse
746 603 1030 662 constricti
1058 620 1285 662 sumus.
1274 608 1289 648 ¹
1332 603 1546 680 Agite,
1557 623 1630 662 ne
1653 623 1825 696 porro
1852 603 1990 664 huic
2013 602 2228 661 homini
2248 623 2348 682 pa-

156 703 458 756 reamus.
446 696 493 738 '’'
591 696 745 754 Haec
796 695 1079 779 dixerant,
1129 707 1189 756 et
1240 688 1535 774 extemplo
1579 714 1748 754 nemo
1796 693 2034 773 amplius
2081 691 2369 756 mandata

154 784 406 846 facere
416 786 639 846 voluit:
684 786 806 858 sed,
837 767 1124 866 tamquam
1152 781 1430 875 pedestris
1454 787 1766 856 exercitus,
1791 787 2046 845 tentoriis
2073 784 2133 844 in
2165 786 2366 848 insula

156 857 311 936 fixis
344 857 676 955 degebant
663 899 720 936 ιιι
750 880 967 950 umbra,
989 899 1163 938 naves
1190 871 1578 938 conscendere
1607 878 1974 956 exercerique
2001 877 2279 939 nolentes.

252 973 362 1028 13.
395 972 545 1035 Quae
564 971 661 1028 ubi
678 957 750 1029 ab
780 969 1008 1048 Ionibus
1029 971 1152 1030 fieri
1180 965 1442 1029 viderunt
1465 956 1782 1030 Samiorum
1799 970 2014 1040 duces3
2038 969 2161 1029 tu'm
2185 991 2342 1042 vero,

126 1097 143 1108 -
159 1079 331 1137 quos
358 1080 655 1122 sermones
678 1043 1009 1148 jubentibus
1054 1061 1243 1122 Persis
1270 1063 1345 1122 ad
1373 1081 1473 1120 eos
1502 1058 1842 1120 deferendos
1869 1061 2022 1139 prius
2052 1057 2349 1140 curaverat

164 1152 424 1223 AEaceS,
458 1153 781 1232 Sylosontis
809 1155 976 1226 filius,
1008 1141 1267 1214 deserere
1290 1174 1388 1213 eos
1390 1144 1618 1231 jubens
1635 1149 1835 1212 Ionum
1861 1153 2213 1225 societatem,
2241 1151 2354 1214 hos

166 1255 329 1304 tunc
358 1253 653 1304 sermones
696 1247 893 1306 animis
922 1247 1296 1307 admittebant
1337 1245 1532 1315 Samii,
1559 1256 1806 1324 spretam
1834 1246 1907 1303 ab
1943 1244 2177 1304 Ionibus
2205 1245 2344 1305 mili·

166 1345 370 1394 tarem
399 1357 631 1396 omnem
673 1338 929 1398 videntes
962 1337 1339 1417 disciplinam,
1382 1337 1662 1415 simulque
1688 1337 2072 1414 intelligentes
2099 1331 2356 1416 superari

168 1447 307 1486 non
352 1447 529 1508 posse
557 1430 708 1506 regis
748 1430 1095 1519 potentiam3
1134 1429 1269 1490 satis
1310 1430 1522 1509 quippe
1565 1428 1744 1512 gnari,
1766 1428 1994 1486 etiamsi
2035 1421 2354 1506 praesentes

168 1522 423 1581 navales
466 1521 656 1604 copias
685 1534 1023 1606 superarent
1052 1523 1234 1608 Darii,
1274 1515 1413 1611 alias
1439 1519 1824 1614 quintuplices
1864 1529 2064 1600 contra
2091 1539 2152 1578 se
2181 1519 2344 1578 adfu·
2347 1533 2353 1541 ’

172 1624 367 1674 turas-
432 1613 819 1696 Adripientes
866 1614 1039 1696 igitur
1066 1613 1448 1684 occasionem,
1479 1612 1838 1688 ⁸simulatque
1866 1610 2036 1668 Ionas
2080 1609 2346 1671 viderunt

170 1716 472 1784 negantes
504 1707 566 1763 in
601 1705 783 1765 officio
813 1727 875 1788 se
903 1706 1143 1792 futuroS,
1171 1707 1330 1765 lucro
1370 1705 1478 1766 sibi
1521 1704 1807 1762 duxerunt
1835 1722 1961 1760 serv
1964 1722 2060 1761 are
2097 1721 2186 1762 res
2214 1693 2350 1762 suas
2429 1711 2434 1713 ’

177 1809 245 1856 et
270 1816 477 1858 sacras
520 1808 580 1859 et
619 1781 937 1880 privatas,
944 1798 1108 1857 Erat
1150 1790 1342 1862 autem
1384 1797 1593 1855 AEaces
1633 1793 1748 1865 ille,
1779 1787 1871 1853 cui
1912 1811 2126 1851 morem
2172 1793 2344 1850 Samii

176 1899 514 1966 gesserunt,
543 1889 689 1948 filius
714 1873 1049 1968 Sylosontis,
1076 1875 1277 1949 AEacis
1306 1907 1518 1978 nepos:
1558 1885 1674 1965 qui,
1706 1883 1877 1962 9ιιιιιιι
1894 1891 2176 1963 tyrannus
2203 1882 2340 1942 fuis·

170 1992 271 2040 set
286 1980 483 2054 Sami,
510 1983 583 2040 ab
606 1981 944 2060 Aristagora
974 1982 1205 2042 Milesio
1240 1991 1444 2039 exutus
1468 1977 1701 2048 fuerat
1685 1975 1942 2071 imperio,
1972 1973 2343 2051 quemadmo-

180 2072 332 2132 dum
360 2073 563 2153 reliqui
591 2073 769 2136 Ioniae
796 2073 1037 2158 tyranni.
1595 2088 1602 2093 ‘

266 2169 369 2226 14.
414 2163 580 2224 Tun'c
606 2165 803 2252 igitur,
807 2163 919 2227 ubi
947 2159 1249 2228 Phoenices
1274 2187 1405 2226 cum
1434 2166 1617 2226 classe
1661 2162 1856 2224 contra
1883 2157 2166 2242 progressi
2191 2137 2340 2230 sunt,

183 2241 363 2336 Iones
404 2245 575 2316 etiam
614 2277 787 2318 naves
814 2279 943 2342 suas
982 2260 1159 2346 longo
1197 2259 1393 2318 ordine
1435 2260 1780 2317 eduxerunt
1863 2255 1947 2315 Ut
1987 2271 2123 2312 vero
2163 2270 2344 2330 prope

182 2347 439 2406 invicem
466 2335 717 2425 fuerunt,
754 2349 1272 2426 commiseruntque
1299 2349 1572 2440 praelium,
1602 2347 1811 2406 deinde
1838 2347 2066 2424 quinam
2093 2363 2166 2402 ex
2191 2342 2346 2401 Ioni-

183 2439 301 2498 bus
330 2449 435 2498 aut
458 2439 645 2516 ignavi
695 2439 752 2522 in
779 2440 891 2498 bac
919 2443 1097 2498 ιιαυαίἱ
1116 2460 1301 2517 pugna
1342 2451 1456 2499 aut
1466 2433 1646 2498 fortes
1675 2439 1774 2496 viri
1791 2438 2036 2511 fuerint,
2069 2437 2346 2494 adcurate

186 2530 449 2589 scribere
494 2549 609 2588 ιιοιι
634 2550 898 2607 possum.
926 2550 1071 2588 nam
1112 2531 1205 2588 alii
1232 2531 1371 2590 alios
1410 2531 1468 2587 in
1495 2525 1676 2589 vicem
1722 2529 2002 2608 culpant
2053 2527 2344 2586 Dicuntur

186 2633 387 2682 autem
414 2607 563 2680 tunc
598 2622 788 2693 Samii,
814 2634 877 2681 ut
901 2601 1245 2704 convenerat
1264 2643 1391 2681 cum
1436 2625 1632 2692 AEace,
1661 2621 1894 2680 sublatis
1934 2619 2092 2688 veliS,
2123 2618 2348 2676 deserta

190 2716 342 2784 acie,
378 2715 611 2774 Samum
649 2716 965 2796 navigasse,
1008 2699 1289 2802 undecim
1304 2713 1541 2788 navibus
1585 2713 1862 2790 exceptis.
1941 2711 2170 2768 Harum
2197 2709 2345 2766 enim

186 2807 490 2893 praeFect'i
476 2789 819 2877 manserunt,
844 2795 1353 2900 pugnaveruntque
1380 2817 1574 2894 spreto
1601 2802 1834 2862 ducum
1829 2819 2054 2864 suorum
2073 2799 2348 2877 imperio}

189 2898 399 2976 hisque
428 2917 726 2957 commune
757 2899 1094 2969 Samiorum,
1126 2890 1201 2957 ob
1222 2899 1333 2956 hoc
1360 2889 1591 2967 factum,
1621 2897 1893 2955 honorem
1920 2891 2134 2961 habuit,
2160 2901 2228 2948 ut
2251 2909 2348 2948 no-

194 2991 355 3050 mina
381 3010 578 3049 eorum
606 3011 736 3050 cum
759 2993 1005 3098 paternis
1022 2979 1345 3050 nominibus
1365 2990 1648 3048 columnae
1673 2969 2130 3055 inscriberentur,
2161 2993 2226 3041 ut
2247 2981 2345 3062 qui

192 3083 363 3160 probi
389 3083 683 3162 fortesque
724 3085 825 3142 viri
856 3084 1121 3144 fuissent·
1161 3093 1220 3142 et
1258 3085 1347 3140 est
1372 3081 1498 3138 haec
1528 3078 1842 3139 ''columna
1828 3081 1883 3136 ιιι
1923 3078 2066 3135 foro.
2125 3073 2346 3166 Lesbii

194 3193 357 3244 vero,
380 3173 665 3253 proximos
695 3175 1003 3256 profugere
1024 3173 1300 3244 videntes,
1332 3173 1486 3232 idem
1513 3168 1774 3230 fecerunt
1810 3169 1963 3247 quod
1987 3167 2198 3228 Samii.
2243 3185 2342 3224 eo·

200 3287 443 3346 rumque
472 3270 793 3347 exemplum
820 3272 1005 3344 major
1033 3288 1161 3346 pars
1188 3267 1390 3326 Ionum
1417 3274 1615 3326 secuta
1641 3273 1748 3323 est.

279 3364 377 3418 15.
429 3359 523 3416 Ex
551 3359 639 3416 his
665 3379 799 3418 vero
840 3361 931 3436 qui
962 3360 1020 3417 in
1050 3358 1247 3438 pr‘aelio
1274 3357 1662 3428 substiterunt,
1689 3353 1932 3439 pessime
1958 3350 2183 3439 accepti
2213 3359 2345 3407 sunt

200 3450 353 3520 Chii,
384 3451 673 3548 praeclaris
702 3447 932 3529 quidem
956 3451 1123 3518 sactis
1149 3449 1451 3520 nobilitati,
1468 3449 1533 3508 'et
1554 3449 1900 3526 neutiquam,
1928 3457 1994 3516 ut
2019 3445 2132 3514 alii,
2158 3442 2232 3502 de
2259 3443 2342 3500 in-

201 3540 425 3602 dustria
458 3541 765 3603 cessantes·
837 3543 1224 3615 Con‘tulerant
1270 3542 1439 3616 enim,
1482 3539 1958 3618 quemadmodum
1994 3548 2148 3596 ante
2171 3535 2343 3594 etiam

200 3634 423 3714 dictum
453 3646 559 3704 est,
602 3655 773 3694 naves
816 3633 1081 3705 centum3
1098 3644 1184 3693 et
1208 3632 1263 3691 in
1309 3635 1506 3709 earum
1529 3637 1889 3710 unaquaque
1911 3633 2072 3690 e'rant
2097 3629 2342 3710 quadra'-

200 3727 363 3802 ginta
409 3727 607 3786 selecti
634 3747 709 3786 ex
738 3725 951 3788 civibus
979 3727 1442 3806 propugnatores.
1525 3725 1637 3790 Qui
1667 3725 1762 3783 ubi
1789 3724 2113 3804 plerosque
2159 3720 2343 3780 socios
2415 3757 2418 3760 ·

200 3817 450 3894 prodere
462 3815 589 3876 'rem
618 3813 1284 3888 communem'viderunt,
1313 3817 1612 3876 noluerunt
1637 3819 1934 3896 pravorum
1964 3833 2090 3876 esse
2117 3811 2346 3892 similes3

188 3909 307 3986 *sed
335 3928 468 3967 cum
495 3911 693 3988 paucis
720 3930 754 3969 e
794 3911 958 3971 sociis
984 3911 1095 3970 soli.
1113 3911 1316 3980 relicti,
1346 3920 1669 3989 pugnarunt
1696 3908 2080 3967 discurrentes
2114 3925 2219 3984 per
2245 3905 2344 3962 ho-

200 4001 373 4058 stium
400 4020 590 4072 naves,
616 4021 825 4080 easque
853 4014 1325 4082 perrumpentes3
1370 4003 1574 4073 donec,
1614 4011 1908 4084 postquam
1949 3999 2343 4079 plures'naves

204 4091 511 4169 cepissent,
542 4093 659 4170 ipsi
686 4099 911 4153 suarum
942 4093 1213 4172 majorem
1241 4105 1463 4174 partem
1491 4093 1814 4154 amiserunt.
1861 4092 1990 4151 Chii
2017 4090 2186 4168 igitur.
2212 4109 2342 4148 cum

204 4181 502 4261 reliquis'e
528 4186 645 4244 suis
672 4188 908 4247 navibus
937 4188 1166 4246 domum
1192 4182 1586 4267 profugerunt.

290 4280 381 4336 16.
425 4277 649 4342 Quibus
690 4300 824 4340 vero
865 4301 937 4340 ex
958 4277 1249 4339 'Chiorum
1286 4283 1522 4340 numero
1551 4278 1825 4338 'invalidae
1857 4295 2030 4336 naves
2071 4285 2232 4334 erant
2271 4269 2346 4331 ob

206 4365 445 4449 accepta
481 4367 745 4445 rulnera,
782 4373 861 4444 lii,
903 4393 1076 4470 quain
1114 4367 1293 4434 hostis
1332 4393 1434 4432 eos
1469 4379 1924 4452 persequeretur,
1953 4369 2032 4428 ad
2071 4365 2352 4448 Mycalen
