2817 4792
1066 228 1483 291 EUTERPE.
1742 237 1757 253 ³
2254 227 2395 292 na*
2426 256 2444 275 -1

187 349 435 435 interim
477 354 538 413 ιιι
553 352 871 435 AEgypto
866 338 1220 433 ιιεςιιιιειιιιιι,1
1243 357 1658 418 discedendum
1706 358 1849 419 ‘sibi
1866 364 2067 418 esset.
2122 351 2377 429 Etenimq
2396 372 2404 399 ⁵

193 466 380 527 quum
405 444 466 507 in
494 449 790 527 AEthiopia
814 448 990 507 etiam
1019 460 1144 508 tum
1169 450 1392 522 fuisset,
1423 452 1674 522 oracula,
1702 451 1909 529 quibus
1935 460 2171 511 utuntur
2196 451 2378 509 AEthi-

197 556 368 618 opes,
400 541 726 610 edixerant,
769 560 1000 617 regnare
1041 562 1154 599 eum
1193 543 1250 599 in
1263 544 1523 620 AEgypto
1564 544 1750 599 debere
1776 544 2169 619 qninquaginta
2194 561 2381 601 annos.

195 630 416 713 Itaque
450 632 614 689 finito
651 630 765 691 hoc
801 634 1080 710 tempore,
1115 632 1348 710 territus
1373 632 1561 693 etiam
1580 644 1874 692 nocturno
1904 632 2043 703 viso,-
2072 628 2277 711 ερὸιιιε
2296 636 2392 693 εις

197 714 470 801 AEgypt'o
499 722 762 781 discessit
789 719 1068 783 Sabaeos,

288 818 424 873 140.
472 814 616 873 Post
645 818 808 889 cujus
834 812 1180 873 discessum·
1171 825 1472 893 regnasse
1514 816 1719 875 iterum
1746 778 2015 875 dixerunt.
2055 835 2273 875 caecum
2309 815 2395 873 il·-⁴

193 901 343 974 lum,
377 906 720 964 redeuntem
743 925 776 963 e
791 904 1116 983 paludibus,
1139 907 1260 965 ub'i'
1261 908 1669 985 quinquaginta
1688 926 1869 965 annos
1888 907 2129 969 insulam
2155 906 2382 969 habita-2
2424 934 2431 941 ·
2508 928 2533 944 ⁸

200 1007 392 1067 verat,
413 1016 588 1074 quam
617 1015 834 1074 aggere
861 997 935 1055 'ex
953 997 1148 1057 cinere
1169 1010 1228 1057 et
1251 1009 1410 1057 terra
1424 999 1668 1075 adgesto
1690 998 2173 1060 circumdederat.
2189 1012 2198 1022 ’
2214 1001 2384 1063 Quo-.-

199 1084 316 1166 ties
343 1088 500 1145 enim
529 1086 894 1169 advenissent
928 1087 1208 1167 AEgyptii,
1237 1100 1408 1167 prout
1434 1090 1751 1167 quibusque
1778 1088 2116 1166 imperatum
2134 1090 2385 1159 fuisset,

202 1176 390 1237 inscio
417 1176 700 1255 AEthiope
733 1177 1083 1237 frumentum
1123 1180 1176 1237 ei
1205 1180 1564 1258 adferentes⁸
1580 1180 1825 1257 jussisse·
1849 1200 1980 1237 eum
2008 1180 2115 1239 hos
2142 1192 2209 1239 ut
2246 1195 2381 1247 cum

201 1270 432 1347 reliquo
459 1270 617 1329 dono
661 1269 834 1329 etiam
877 1270 1132 1329 cinerem
1171 1271 1276 1330 sibi
1301 1262 1663 1339 'adferrentffi
1708 1272 1883 1337 Hanc
1922 1271 2179 1339 insulam,
2206 1291 2379 1341 nemo

205 1370 342 1419 ante
373 1361 751 1439 'Amyrtaeum
792 1359 984 1438 potuit
1028 1361 1316 1421 invenire:
1358 1362 1479 1423 ‘sed
1522 1382 1625 1441 per
1668 1362 2062 1445 septingentos
2110 1382 2289 1421 annos
2310 1374 2381 1421 et

171 1483 183 1489 -
205 1446 456 1533 amplius
483 1452 905 1531 anquisiverant
933 1448 1074 1513 eam'
1089 1446 1417 1532 superiores
1433 1456 1743 1533 Amyrtaeo
1770 1474 1957 1531 reges,
1987 1473 2102 1513 nec·
2127 1454 2379 1531 reperire
2408 1474 2415 1497 -·

205 1553 558 1622 potuerant.
612 1544 720 1603 Est
745 1544 937 1605 auteui
960 1564 1174 1605 nomen
1198 1544 1401 1604 insulae
1424 1545 1615 1608 Elbo:
1658 1546 1994 1623 magnitudo
2024 1546 2235 1615 decem
2256 1556 2383 1605 sta-

205 1634 434 1695 diorum
452 1654 2147 1717 quaquaversum..

205 1765 214 1776 ›
287 1726 426 1787 141.
472 1727 614 1787 Post
640 1728 808 1788 istum
833 1736 1106 1806 regnasse
1121 1730 1483 1799 sacerdotem
1510 1732 1775 1801 Vulcani,
1800 1732 1904 1791 cui·
1914 1742 2126 1791 nomen
2154 1732 2381 1791 Serbon-

208 1818 391 1879 Hunc
419 1820 772 1897 neglexisse,
795 1838 923 1879 nec
939 1822 1055 1881 ullo
1079 1810 1211 1883 loco
1238 1824 1505 1883 habuisse
1532 1824 1875 1887 bellatorum
1888 1822 2211 1893 ordinem,
2198 1824 2382 1900 quasi

207 1908 348 1969 nihil
373 1910 474 1969 his·
501 1911 820 1988 indigeret:
863 1910 924 1971 et
951 1908 1126 1990 quum
1163 1915 1286 1973 aliis
1321 1916 1497 1975 rebus
1522 1914 1897 1992 ignominiose
1940 1926 2047 1975 eos'
2075 1924 2375 1983 tractasses·

207 2012 326 2061 tum
357 2002 646 2079 ademisse
685 2004 768 2063 eis
788 2005 1016 2080 jugera,
1042 2026 1173 2083 quae
1201 2000 1617 2085 {subprioribus
1660 1997 1893 2083 regibus
1934 2004 2143 2065 eximia
2166 2004 2405 2082 cuique·

207 2094 522 2153 duodecim
545 2094 770 2154 fuerant
791 2094 1097 2157 adtributa.
1140 2098 1374 2157 Deinde
1391 2109 1561 2170 v'ero,
1568 2119 1741 2177 quum
1766 2098 2037 2155 adversus
2059 2098 2376 2174 AEgyptum

208 2180 504 2274 ingentem
534 2186 852 2270 exercitum
883 2188 1128 2247 duceret
1155 2188 1571 2259 Sanacbarilms,
1612 2190 1869 2247 Arabum
1904 2198 1967 2247 et
2003 2188 2400 2266 Assyriorum*-

207 2295 326 2345 rex,
360 2263 630 2335 noluisse
655 2290 978 2355 pugnatum
1016 2280 1172 2339 exire
1199 2281 1510 2341 bellatores
1550 2280 2007 2361 AEgyptiorum.
2027 2280 2161 2337 ·Et
2176 2298 2374 2339 sacer·
2378 2304 2396 2321 ·

207 2354 430 2437 dotem,
461 2369 541 2427 ad
567 2370 787 2427 consilii
823 2372 1068 2449 inopiam
1097 2370 1417 2443 redactum,
1458 2374 1643 2431 aedem
1692 2374 1787 2431 dei
1826 2372 2169 2455 ingressum,
2208 2372 2379 2451 apud.

206 2460 574 2518 simulacrum
601 2480 728 2519 esse
747 2462 1146 2532 lamentatum,
1177 2474 1408 2541 q‘uantae
1440 2464 1777 2523 calamitatis
1804 2464 2123 2567 periculum
2163 2464 2375 2523 adiret:

209 2550 580 2619 Lamentanti
609 2553 934 2659 obrepsisse
977 2572 1260 2623 somnum,
1263 2546 1348 2611 'et
1373 2574 1478 2632 per
1502 2555 1753 2637 quietern
1790 2556 1972 2615 visum
2001 2555 2052 2615 ei
2083 2575 2233 2625 esse,
2265 2556 2373 2613 adq

205 2644 684 2701 stantemdeum
659 2644 914 2721 jussisse
923 2664 1053 2704 eum
1078 2644 1397 2722 confidere,
1420 2645 1631 2723 quippe
1650 2645 1790 2703 nihil
1813 2646 2170 2705 incommodi
2178 2665 2374 2723 passu-

203 2754 344 2805 rum,
365 2735 414 2791 si
444 2735 706 2793 Arabico
735 2735 1009 2801 exercitui
1027 2736 1453 2797 obviam‘isset:
1482 2737 1671 2815 ipsum
1698 2738 1849 2797 enim
1871 2739 2042 2797 deum
2070 2737 2372 2807 auxiliares

205 2827 260 2885 ei
287 2826 486 2906 copias
515 2826 836 2891 missurum.
919 2827 1094 2886 Hoc
1079 2828 1360 2895 insomnio
1377 2828 1609 2897 fretum,
1632 2829 1911 2887 adsumtis
1926 2828 2271 2905 quicumque
2290 2842 2371 2897 εις

209 2916 518 2998 AEgyptiis
525 2920 688 2999 sequi
724 2940 858 2979 eum
899 2920 1232 2991 voluissent,
1274 2930 1465 2979 castra
1505 2920 1718 2979 Pelusii
1758 2919 2037 3022 posuisse,
2068 2920 2164 2975 ubi
2190 2927 2293 2975 est
2307 2938 2367 2975 ιιι

207 3010 556 3091 AEgyptum
577 3012 888 3071 introitus:
940 3020 1014 3071 ex
1065 3011 1417 3088 bellatorum·
1462 3030 1598 3069 vero
1640 3010 1843 3070 ordine
1878 3009 2171 3067 neminem
2200 3004 2373 3087 signa

205 3106 328 3181 ejus
345 3118 486 3180 esse
501 3114 801 3169 secutum.
828 3103 1054 3164 nonnisi
1071 3103 1360 3168 institores
1383 3114 1454 3161 et
1469 3101 1755 3181 operarios
1777 3111 1936 3159 etex
1958 3101 2083 3159 foro
2104 3100 2370 3159 homines

203 3215 402 3255 secum
411 3196 718 3256 habuisse.
802 3195 894 3263 Eo
935 3206 1232 3273 postquam
1259 3195 1566 3262 venissent,
1605 3202 1781 3251 noctu
1820 3192 1945 3251 sola
1986 3193 2235 3250 hostium
2257 3210 2369 3268 cau·x

202 3297 322 3345 stra
345 3272 620 3371 invasisse
649 3286 882 3346 effusam
920 3286 1164 3345 murium
1191 3286 1499 3363 agrestium
1521 3283 1963 3355 multitudinem,
2002 3284 2099 3361 qui
2138 3284 2369 3361 illorum

207 3378 504 3457 pharetras
530 3378 594 3437 et
629 3393 818 3445 arcus,
839 3389 901 3437 et
937 3389 1228 3437 scutorum
1267 3396 1433 3436 ansas
1479 3375 1882 3444 corrosissent3
1932 3376 2083 3435 unde'
2124 3376 2369 3449 factum,

207 3480 272 3529 ut
291 3468 585 3549 postridie,
615 3456 792 3547 quum
818 3469 986 3527 armis
1031 3469 1232 3527 nudati
1274 3468 1649 3547 profugerent
1682 3467 1895 3535 hosteS,
1936 3485 2147 3545 magna·
2166 3485 2366 3525 eorum·

202 3560 511 3619 multitudo
535 3560 959 3619 concideretur.
1040 3561 1238 3637 Atque
1267 3561 1437 3619 etiam
1448 3579 1622 3636 ·nunc
1644 3559 1889 3617 Vulcani
1914 3560 1972 3617 in
1998 3560 2211 3637 templo
2249 3569 2367 3623 stat

203 3652 358 3731 regis
385 3653 562 3729 hujus
598 3661 790 3711 statua
811 3651 1054 3731 lapidea,
1077 3670 1299 3711 murem
1327 3672 1507 3710 manu
1530 3651 1800 3727 tenentis,
1825 3671 1958 3710 cum
1999 3650 2365 3729 inscriptione

205 3744 262 3802 in
287 3744 443 3803 hanc
471 3742 849 3803 sententiam:
895 3744 995 3801 Me
1021 3745 1251 3813 iutuem,
1283 3746 1404 3801 deos
1430 3746 1599 3801 colere
1619 3744 1794 3801 disce!

243 3837 712 3895 '142.A1>1wc
743 3854 814 3893 ea
840 3836 1096 3913 exposui,
1112 3852 1257 3939 ’quae
1277 3836 1353 3893 ab
1371 3835 1667 3913 AEgy-ptiis
1694 3846 1753 3893 et
1781 3834 2104 3912 praesertim
2120 3854 2156 3893 a
2174 3854 2367 3895 sacer-

203 3927 436 4013 dotibus
455 3946 656 3985 eorum
681 3937 1021 3995 narrantum
1061 3928 1159 4004 qui
1187 3946 1222 3985 a
1238 3927 1419 4005 primo
1438 3942 1577 4003 rege
1600 3945 1783 4003 usque
1802 3924 1874 3983 ad
1896 3925 2051 3984 hunc
2071 3938 2363 4003 postremo

203 4028 544 4095 regnantem
588 4016 828 4075 Vulcani
871 4018 1230 4077 sacerdotem
1287 4016 1594 4077 adfirmant
1633 4015 2029 4093 generationes
2068 4016 2365 4093 hominurn

203 4110 380 4169 fuisse
396 4119 689 4167 trecentas
699 4108 1074 4187 quadraginta
1083 4121 1358 4179 etlunam,
1377 4108 1641 4186 intraque
1659 4126 1758 4165 eas
1777 4108 2013 4165 totidem
2030 4106 2363 4185 sacerdotes

199 4200 576 4277 totidemque
597 4211 768 4277 reges
807 4199 1027 4273 fuisse.
1089 4200 1270 4279 Atqui
1307 4211 1587 4261 trecentae
1627 4198 1919 4273 hominum
1960 4196 2365 4275 generationes

199 4292 457 4353 efficiunt
479 4292 684 4363 decern
701 4312 980 4353 annorum
997 4291 1194 4365 millia,
1218 4291 1687 4369 quandoquidem
1711 4301 1829 4347 tres
1846 4288 2140 4346 hominum
2155 4296 2366 4349 aetatea

191 4374 436 4444 eentum
467 4402 650 4446 annos
669 4378 1000 4445 conficiunt.
1047 4383 1180 4448 Una
1201 4394 1392 4458 autem
1411 4392 1471 4441 et
1486 4378 1863 4459 quadraginta
1884 4378 2133 4477 reliques
2138 4387 2365 4465 oetatea,
