2817 4792
356 278 411 374 .’
466 319 613 377 ase
1105 315 1550 419 HERoDosn
1594 314 1927 378 ms‘ron.
1967 315 2074 376 v1.

499 455 886 505 convocarunt
906 413 1137 504 Ionum
1164 445 1458 526 ιγἰειιιιοε,
1498 445 1594 524 qui
1635 421 1707 505 ab
1752 431 2088 522 Aristagora
2127 421 2388 500 Milesio
2399 437 2652 517 imperiis

501 538 708 613 dejecti
736 540 811 599 ad
851 539 1063 600 Medos
1089 541 1479 618 profugerant,
1507 541 1739 617 jamque
1767 557 1896 598 cum
1924 536 2032 596 illis
2069 537 2339 595 adversus
2383 534 2653 592 Miletum

498 631 836 691 militabant.
918 631 1009 690 Ex
1044 633 1244 692 horum
1274 632 1448 710 igitur
1490 650 1725 690 numero
1763 639 2128 698 convocat08‚
2169 638 2465 705 quotquot
2513 645 2652 703 prae·

502 732 693 782 sentes
732 732 912 793 erant,
951 725 1009 782 in
1052 725 1203 784 hunc
1243 725 1476 784 modum
1503 733 1633 783 sunt
1673 722 1961 782 adlocuti}
2005 729 2046 756 “
2076 721 2271 796 Nunc,
2312 720 2426 778 viri
2467 719 2651 787 Iones,

464 891 469 900 ι
501 813 739 892 quisque
764 828 1013 875 vestrum
1034 817 1221 895 palam
1248 817 1440 885 faciat,
1470 816 1544 875 de
1573 815 1756 893 Regis
1777 815 1952 873 domo
1977 805 2043 873 se
2067 813 2217 892 bene
2243 812 2400 872 velle
2429 811 2651 870 mereri.

502 905 912 986 Unusquisque
940 929 1152 988 nempe
1176 920 1423 967 vestrum
1464 909 1566 967 det
1593 927 1842 986 operam,
1874 918 1937 965 ut
1963 906 2262 986 populares
2289 907 2436 963 suos
2465 923 2503 962 a
2529 903 2654 960 reli-

502 1017 743 1076 quorum
782 1000 1069 1059 abstrahat
1111 1001 1403 1060 societate.
1487 999 1802 1079 Proponite
1849 989 2024 1078 igitur
2063 998 2191 1068 illis,
2239 997 2646 1074 nunciateque,

489 1089 635 1152 nihil
664 1091 826 1150 triste
852 1091 959 1150 illis
990 1093 1062 1152 ob
1091 1093 1473 1152 defectionem
1499 1110 1790 1171 passuros,
1813 1110 1920 1150 nec
1947 1090 2104 1149 aedes
2125 1109 2322 1148 eorum
2345 1089 2448 1147 vel
2471 1105 2650 1146 sacras

502 1182 594 1240 vel
615 1183 863 1260 privatas
890 1183 955 1241 iri
972 1184 1287 1254 incensum,
1310 1204 1422 1243 nec
1447 1184 1672 1243 duriore
1693 1181 2037 1252 conditione,
2053 1201 2220 1260 quam
2238 1191 2400 1250 ante,
2419 1180 2653 1238 futuros.

505 1271 607 1331 Sin
628 1292 663 1332 a
688 1274 961 1334 societate
982 1294 1097 1334 non
1123 1275 1478 1345 recesserint,
1501 1274 1602 1334 sed
1629 1274 1824 1352 utique
1843 1293 2052 1352 pugnae
2080 1272 2338 1352 periculo
2357 1290 2488 1329 rem
2506 1289 2650 1329 com-

502 1362 774 1435 miserint,
817 1364 945 1424 haec
974 1366 1293 1424 minitantes
1328 1366 1437 1424 illis
1481 1365 1794 1444 praedicite,
1844 1384 1975 1443 quae
2014 1364 2143 1442 ipsis
2171 1364 2284 1422 sint
2325 1374 2645 1421 eventura:

462 1443 469 1450 ’
502 1474 607 1514 nos
634 1456 828 1535 praelio
853 1457 1036 1518 victos
1061 1455 1121 1515 in
1150 1458 1478 1518 servitutem
1505 1468 1784 1537 rapturos,
1813 1461 2020 1536 pueros
2047 1475 2244 1514 eorum
2283 1465 2644 1523 castraturos,

501 1547 749 1626 virgines
775 1549 989 1609 Bactra
1014 1549 1380 1624 abducturos,
1408 1561 1471 1609 et
1494 1560 1703 1610 terram
1731 1549 1853 1608 aliis
1879 1547 2244 1608 tradituros.”

589 1645 681 1700 10.
722 1641 869 1706 Quae
896 1645 1067 1720 quum
1093 1640 1174 1700 illi
1210 1643 1510 1711 dixissent,
1543 1643 1744 1720 lonum
1779 1641 2003 1720 tyranni
2031 1650 2206 1699 noctu
2235 1639 2312 1698 ad
2349 1641 2646 1719 populares

502 1750 636 1791 suos
674 1732 1057 1810 unusquisque
1087 1733 1297 1791 dimisit
1325 1733 1420 1810 qui
1440 1732 1568 1792 haec
1608 1733 1690 1792 eis
1729 1732 2146 1792 renunciarent.
2179 1721 2184 1726 ’
2230 1732 2317 1791 Αι
2357 1732 2554 1802 Iones,
2577 1731 2644 1790 ad

502 1841 647 1902 quos
672 1822 731 1881 hi
776 1823 963 1882 nuncii
991 1842 1324 1902 pervenere,
1362 1824 1644 1883 tenaciter
1689 1824 1749 1880 in
1788 1823 2083 1901 proposito
2111 1825 2640 1900 suoperstiterunt,

502 1935 615 1975 nec
642 1915 989 1974 admiserunt
1012 1915 1387 1993 proditionem
1408 1940 1425 1974 ε
1465 1925 1525 1973 et
1550 1907 1757 1994 quique
1783 1914 1888 1973 sibi
1915 1914 2048 1974 solis
2073 1913 2200 1974 haec
2219 1933 2252 1972 a
2284 1915 2482 1974 Persis
2507 1915 2643 1974 edici

504 2007 919 2066 existimabant.
1000 2007 1079 2066 Et
1103 2007 1228 2066 haec
1256 2005 1485 2107 quidem
1508 2007 1784 2086 protinus,
1811 2024 1886 2065 ex
1912 2025 2027 2085 quo
2052 2006 2125 2064 ad
2153 2005 2429 2065 Miletum
2459 2007 2640 2068 Persae

500 2109 894 2179 pervenerant,
914 2110 1153 2178 peracta
1168 2109 1320 2160 sunt.

514 2251 521 2257 ,
589 2195 682 2251 ll.
723 2189 954 2250 Deinde
980 2211 1135 2262 vero,
1166 2191 1305 2250 ubi*
1290 2210 1347 2248 ιιι
1373 2191 1536 2252 Lade
1561 2190 1746 2250 insula
1774 2191 1940 2249 lones
1968 2177 2308 2262 convenere,
2339 2193 2640 2252 conciones

504 2260 641 2340 sunt
663 2276 912 2350 habitoe;
939 2291 996 2340 et
1015 2301 1186 2386 quum
1201 2282 1297 2340 alii
1318 2283 1472 2360 apud
1499 2300 1598 2341 eos
1624 2282 1800 2341 verba
1819 2281 2032 2366 fecere,
2063 2294 2181 2342 tum
2209 2283 2640 2344 Phocaeensium

506 2371 626 2431 dux
666 2371 973 2450 Dionysius
1008 2373 1088 2432 sic
1118 2384 1207 2432 est
1247 2373 1514 2433 locutus.
1561 2374 1600 2410 “
1629 2373 1821 2444 Nunc,
1863 2394 2038 2452 quum
2075 2375 2136 2432 in
2176 2376 2481 2434 novaculae
2521 2373 2635 2434 acie

493 2463 617 2523 sint
642 2483 731 2523 res
756 2474 979 2536 nostroe,
1007 2477 1073 2524 ut
1098 2466 1187 2524 vel
1208 2446 1369 2526 liberi
1396 2466 1592 2536 simus,
1619 2466 1712 2524 vel
1737 2465 1902 2536 servi,
1931 2476 1989 2526 et
2006 2466 2044 2523 ii
2065 2457 2290 2546 quidem
2312 2469 2480 2528 velut
2503 2467 2640 2545 fugi-

506 2555 641 2625 ιίνὶς
674 2547 960 2633 siquidem
998 2557 1307 2634 volueritis,
1337 2558 1440 2617 viri
1470 2559 1654 2628 Iones,
1701 2556 1925 2616 labores
1953 2559 2262 2636 suscipere,
2303 2559 2424 2618 erit
2443 2561 2500 2618 id
2529 2558 2638 2637 qui·

504 2645 692 2706 dem
676 2663 734 2705 ιιι
758 2648 1060 2726 praesentia
1097 2648 1255 2728 vobis
1295 2649 1611 2719 molestum,
1639 2649 1744 2708 sed
1781 2649 2038 2727 poteritis
2064 2650 2344 2728 superatis
2391 2651 2638 2742 hostibus

503 2758 635 2808 esse
656 2739 850 2799 liberi:
887 2740 979 2798 sin
1000 2740 1303 2819 disciplina
1328 2740 1594 2799 militari
1579 2759 1808 2819 insuper
1833 2740 2043 2811 habita,
2074 2741 2329 2800 mollitiei
2355 2763 2462 2802 vos
2473 2741 2636 2801 dedi·

501 2832 740 2906 deritis3
778 2831 988 2890 nullam
1018 2833 1283 2912 equidem
1310 2852 1472 2910 spem
1497 2833 1702 2901 habe0,
1742 2852 1966 2921 poenam
1995 2832 2330 2892 desectionis
2356 2834 2486 2912 regi
2511 2834 2637 2892 dan-

466 2915 473 2922 ’
501 2924 635 2983 dam
661 2919 957 3008 effugere.
937 2943 1039 2983 vos
1064 2943 1249 3003 posse.
1292 2925 1410 2983 Sed
1437 2943 1530 2982 me
1555 2923 1770 2994 audite,
1795 2914 2044 3032 miliique
2069 2945 2170 2983 vos
2192 2919 2546 3003 permittite·
2587 2935 2638 2982 et

503 3017 668 3076 vobis
696 3021 825 3095 e'go,
854 3017 901 3076 si
927 2999 1097 3076 modo
1122 3013 1199 3075 dii
1216 3035 1382 3094 aequa
1408 3005 1689 3088 dederint,
1707 3015 1940 3096 recipio,
1969 3028 2068 3076 aut
2091 3015 2300 3096 pugnae
2317 3017 2504 3076 aleam
2531 3035 2633 3074 non

463 3103 469 3108 ”
504 3109 792 3168 subituros
838 3129 965 3169 esse
990 3109 1207 3178 hostes,
1237 3119 1353 3180 aut,
1381 3108 1432 3168 si
1456 3127 1560 3167 nos
1587 3109 1910 3200 adgressuri
1937 3119 2088 3181 sunt,
2127 3107 2393 3205 magnam
2417 3109 2632 3169 cladem

502 3203 893 3280 accepturos?

594 3297 699 3353 12.
744 3293 853 3352 His
881 3294 1103 3366 auditis,
1133 3294 1414 3375 Dionysio
1441 3313 1503 3354 se
1529 3295 1902 3382 permiserunt
1929 3295 2120 3356 Iones.
2203 3293 2354 3354 Tum
2381 3296 2482 3356 ille
2507 3313 2632 3374 quo·

502 3383 671 3458 tidie,
684 3385 925 3444 navibus
952 3386 1125 3464 longo
1152 3386 1347 3446 ordine
1375 3386 1614 3456 eductis,
1644 3397 1942 3466 postquam
1963 3387 2208 3465 remiges
2235 3387 2294 3445 in
2323 3378 2632 3448 discurren-

506 3476 584 3535 do
608 3475 843 3553 singulis
863 3477 1099 3536 navibus
1114 3497 1219 3556 per
1243 3479 1402 3538 binas
1417 3479 1557 3538 alias
1579 3478 1949 3550 exercuisset,
1973 3490 2032 3538 et
2059 3479 2372 3538 classiarios
2385 3480 2633 3557 jussisset

504 3577 750 3628 annates
778 3567 835 3625 in
861 3578 1032 3645 ponte
1058 3579 1231 3640 stare,
1261 3570 1534 3646 reliquam
1563 3570 1675 3628 diei
1702 3582 1921 3648 partem
1946 3571 2005 3628 in
2035 3571 2260 3630 ancoris
2287 3589 2480 3631 naves
2487 3583 2631 3630 tene-

504 3658 639 3730 bat3
680 3669 854 3736 atque
880 3658 961 3717 ita
987 3668 1107 3719 toto
1136 3660 1229 3720 die
1264 3661 1522 3720 laborem
1549 3661 1784 3720 Ionibus
1799 3661 2128 3723 exhibebat.
2211 3659 2292 3719 Ει
2313 3659 2396 3719 illi
2409 3662 2632 3740 quidem

504 3750 582 3809 ad
608 3750 906 3829 septimum
930 3769 1145 3832 usque
1136 3753 1306 3813 diem
1334 3753 1389 3813 ei
1409 3743 1704 3846 parebant,
1736 3749 2116 3832 mandataque
2152 3747 2632 3834 exsequebantur3

502 3842 838 3920 insequente
862 3862 998 3906 veto
1024 3844 1146 3914 die,
1166 3864 1343 3922 quum
1382 3837 1739 3923 impatientes
1766 3858 1960 3905 essent
1986 3846 2180 3905 talium
2223 3847 2500 3942 laborum,
2527 3864 2632 3904 mo·

505 3933 683 3993 lestiis
705 3945 765 3993 et
793 3934 925 3994 solis
947 3923 1169 3995 ardore
1172 3938 1381 4008 vexati,
1408 3937 1618 3996 hosce
1601 3949 1750 3996 mter
1774 3957 1837 3997 se
1851 3957 2143 3998 sermones
2162 3935 2430 3999 misceret
2461 3949 2498 3978 “
2515 3941 2630 4004 Quo

500 4007 738 4086 tandem
778 4027 1009 4107 numine
1052 4028 1191 4088 laeso
1231 4029 1337 4088 hos
1364 4030 1729 4091 exhaurimus
1755 4031 2021 4091 labores.
2001 4031 2026 4074 ‘²
2065 4031 2160 4110 qui
2187 4029 2550 4111 desipientes,
2577 4039 2628 4088 et

501 4117 576 4177 de
600 4127 754 4176 statu
779 4118 986 4178 mentis
1014 4119 1237 4194 dejecti,
1266 4121 1480 4179 homini
1509 4107 1868 4215 Phocaeensi‚
1908 4141 2056 4182 vano
2074 4124 2366 4198 jactatori,
2395 4125 2490 4202 qui
2525 4135 2627 4182 tres

501 4229 677 4269 naves
702 4210 775 4268 in
786 4225 1089 4290 commune
1116 4212 1379 4282 contulit,
1403 4223 1508 4270 nos
1529 4205 1682 4272 totos
1708 4213 2114 4292 permisimus(
2127 4215 2241 4273 Ει
2265 4213 2360 4274 ill'e
2385 4235 2510 4290 nos,
2533 4211 2626 4272 sibi

502 4285 759 4373 traditos,
782 4301 1019 4362 miseriis
1035 4303 1482 4363 intolerabilibus
1502 4316 1672 4364 vexat
1693 4330 1708 4375 ς
1749 4306 1830 4365 ita
1856 4317 1920 4366 ut
1945 4317 2199 4366 nostrum
2225 4307 2431 4366 ιιιιιιιὶ
2414 4328 2474 4366 ιιι
2497 4323 2628 4364 mor-

501 4394 609 4454 bos
655 4393 972 4467 inciderint,
998 4407 1063 4456 et
1086 4391 1444 4455 multis-itam
1485 4395 1608 4456 aliis
1633 4396 1838 4458 eadem
1863 4415 1986 4460 sors
2023 4397 2317 4458 imminere
2339 4397 2625 4459 videatur!

2767 574 2769 686 1
