2817 4792
1116 286 1465 350 mmm.
1716 294 1765 349 5‘
2174 359 2183 364 ,
2235 256 2385 355 173'

185 414 390 493 jecit,.
412 420 788 495 extremoque
817 415 1096 495 supplicio
1123 416 1447 479 destinavit.
1528 415 1691 477 Tunc
1730 436 1865 477 uror
1888 416 2255 494 Intapkcrnis,
2278 418 2353 476 ad

195 507 368 567 fores
403 508 559 585 regis
599 506 932 566 idemtidem
961 506 1264 577 accedens,
1296 508 1555 586 plorabat
1579 508 2105 587 lamentabaturque
2130 526 2145 568 t
2184 508 2357 585 idque

197 598 578 657 continenter
600 597 840 667 faciens,
867 597 944 656 ad
961 597 1400 659 misericordiam
1428 598 1735 667 commouit
1760 599 2033 667 Darium;
2072 598 2169 677 qui
2192 600 2359 661 misso

198 688 280 747 ad
309 689 685 747 eam-nuncio
711 689 838 747 hoec
861 689 919 747 ei
946 689 1200 748 nunciati
1223 690 1431 765 jussit:
1471 698 1511 726 ‘⁴
1540 690 1771 759 Mulier,
1796 710 1903 749 rex
1944 692 2155 749 Darius
2181 698 2360 751 u‘uum

201 798 282 839 ex
297 780 513 840 vinctis
533 780 872 859 propinquis
891 778 994 839 tibi
1015 781 1286 841 concedit
1301 780 1885 861 eximendumquem
1912 792 1976 841 tu
2005 802 2081 841 ex
2102 783 2359 845 omuibus

205 872 558 950 selegeris.”
639 872 722 947 Et
766 871 885 941 illa,
925 890 990 930 re
1029 871 1360 941 deliberata,
1389 872 1718 951 respondit:
1760 880 1805 909 ⁸⁶
1838 872 1898 931 Si
1928 873 2065 931 mihi
2090 892 2231 950 ergo
2257 892 2359 932 rex

195 963 378 1023 unius
399 963 576 1023 vitam
603 962 886 1027 concedit,
915 962 1096 1039 seligo
1123 982 1198 1022 ex
1215 964 1479 1023 omnibus
1507 983 1695 1027 meum
1720 964 2007 1025 fratrem.’'
2045 964 2179 1029 Quo
2217 984 2356 1041 cog-

196 1055 334 1115 nito
359 1073 666 1134 responso,
703 1053 938 1115 miratus
965 1054 1196 1124 Darius,
1239 1054 1457 1115 remisit
1482 1056 1559 1115 ad
1584 1074 1707 1116 eam
1736 1055 1833 1134 qui
1862 1055 2078 1115 diceret
2096 1078 2113 1113 z
2155 1062 2193 1091 “
2223 1055 2358 1115 Mu-

199 1147 340 1218 lier,
361 1146 564 1225 quaerit
591 1166 669 1205 ex
696 1158 753 1205 te
780 1164 903 1215 rex,
927 1145 1196 1223 quidnam
1211 1146 1332 1207 tibi
1368 1147 1585 1207 consilii
1612 1147 1703 1217 sit,
1740 1146 1895 1225 quod
1920 1146 2125 1207 omisso
2160 1148 2357 1210 marito

201 1238 460 1317 filiisque
479 1238 710 1297 fratrem
726 1236 996 1314 elegeris,
1020 1240 1183 1314 cujus
1209 1237 1312 1297 tibi
1337 1238 1457 1300 vita
1482 1238 1789 1299 donaretur
1810 1263 1827 1309 ς
1854 1258 2029 1318 quum
2050 1239 2157 1301 tibi
2172 1240 2265 1300 ille
2288 1240 2363 1299 sit

201 1330 398 1389 miuus
411 1328 774 1408 propinquus
789 1347 957 1406 quam
981 1327 1106 1397 filii,
1127 1340 1190 1389 et
1213 1328 1396 1391 minus
1416 1330 1706 1406 jucundus
1723 1344 1893 1407 quam·
1912 1329 2198 1391 maritu8.”
2241 1331 2359 1397 Re,

205 1420 452 1499 spondit
462 1420 595 1485 illa:
623 1430 663 1457 ‘⁶
683 1421 839 1489 Rex,
871 1420 1102 1483 maritus
1131 1420 1267 1483 mibi
1283 1420 1431 1483 alius
1456 1439 1588 1480 esse
1615 1421 1843 1499 poterit,
1866 1422 2078 1483 sidens
2103 1422 2367 1493 voluer-in

205 1512 434 1591 filiique
451 1512 566 1583 alii,
586 1512 814 1591 quaudo
833 1511 942 1571 hos
961 1510 1220 1572 amisero.
1263 1513 1368 1583 At,
1391 1532 1567 1590 quum
1584 1522 1747 1590 pater
1760 1532 1919 1577 meus
1940 1524 2231 1593 materque
2248 1529 2363 1576 non
2386 1526 2389 1533 '
2424 1573 2429 1579 ,,

207 1604 470 1683 amplius·
486 1605 598 1664 sint
621 1605 682 1663 iu
707 1604 866 1675 vivis,
893 1604 1069 1664 frater
1093 1603 1232 1663 mibi
1253 1604 1396 1663 alius
1417 1605 1573 1665 nullo
1593 1616 1763 1683 pacto
1781 1624 1909 1665 esse
1929 1606 2155 1683 poterit.
2225 1608 2361 1669 Hac

209 1716 323 1755 usa
359 1697 664 1766 sententia,
703 1696 857 1757 istud
897 1696 1068 1758 dixi?
1145 1696 1296 1761 Quae
1321 1714 1498 1773 quum
1525 1695 1648 1773 re'gi
1688 1696 1805 1756 visa
1829 1708 2021 1757 essent
2061 1700 2361 1763 commode

211 1789 288 1849 ab
307 1788 414 1847 illa
433 1788 606 1858 dicta,
637 1788 957 1852 delectatus
981 1786 1328 1847 condonavit
1345 1786 1396 1845 ei
1424 1786 1661 1851 fratrem
1684 1806 1857 1865 quem
1884 1786 2189 1865 deprecata
2214 1801 2360 1865 erat,

211 1878 566 1958 insuperque
585 1878 826 1943 filiorum
853 1890 992 1945 natu
1019 1878 1355 1946 maximum3
1394 1878 1642 1956 reliquos
1662 1896 1797 1942 vero
1816 1877 2107 1963 universos
2131 1880 2361 1941 interfe-

213 1970 314 2031 cit.
401 1970 570 2031 Unus
597 1970 768 2047 igitur
787 1990 820 2030 e
845 1969 1200 2049 septemviris
1217 1988 1360 2053 mox,
1375 1990 1466 2042 eo,
1494 1990 1611 2048 quo
1636 1970 1773 2041 dixi,
1794 1969 1964 2033 modo
1988 1970 2175 2049 periit.

297 2064 438 2123 120.
479 2064 616 2129 Quo
642 2072 902 2141 tempore
932 2062 1246 2138 Cambyses
1272 2063 1475 2121 morbo
1510 2062 1805 2134 laboravit,
1835 2063 2041 2123 eodem
2067 2062 2190 2125 fere
2214 2066 2371 2141 tem-'

211 2173 378 2231 pore‘
397 2152 612 2215 accidit
633 2153 840 2213 hocce.
919 2154 1156 2217 Oroetes
1193 2153 1388 2225 Persa,
1430 2152 1693 2221 Sardium
1718 2174 1931 2239 praeses
1958 2157 2299 2227 constitutus
2324 2178 2360 2217 a

216 2246 400 2325 Cyro,
419 2244 646 2306 facinus
667 2245 854 2307 auimo
873 2244 1112 2323 agitavit
1131 2244 1442 2305 nefarium·
1465 2245 1680 2307 etenim
1704 2246 2069 2325 Polycratem
2088 2248 2362 2323 Samium,

213 2357 250 2397 a
261 2358 388 2416 quo
407 2356 522 2397 nec
537 2336 694 2398 facto
711 2337 847 2406 ullo,
869 2356 982 2399 nee
1003 2337 1160 2397 dicto
1174 2337 1447 2415 quopiam
1465 2337 1731 2413 injurioso
1750 2338 1941 2403 fuerat
1958 2340 2153 2417 laesus,
2166 2360 2361 2421 quem·

215 2448 330 2505 que
379 2448 497 2489 nec
539 2414 759 2489 viderat
795 2446 1063 2506 umquam
1105 2438 1326 2505 autea,
1345 2428 1501 2488 hunc
1554 2430 1819 2508 capiendi
1870 2431 2363 2511 interficiendique

211 2519 428 2597 cupido
455 2538 590 2579 cum
615 2519 968 2579 incesserat.
1007 2518 1200 2596 idone,
1229 2527 1294 2591 ut
1319 2518 1579 2596 plerique
1603 2520 1851 2590 tradunt,
1880 2522 2053 2581 talem
2082 2524 2155 2589 ob
2196 2544 2361 2586 caus·

211 2630 356 2671 sam.
437 2609 540 2669 Ad
581 2610 732 2688 regis
757 2604 981 2689 portam
1007 2629 1180 2688 quum
1221 2609 1493 2669 sedisset
1508 2609 1605 2669 hic
1633 2610 1883 2683 Oroetes,
1911 2623 1970 2671 et
1994 2613 2135 2677 alius
2162 2614 2375 2686 Persa,.

215 2703 310 2767 cui
357 2701 704 2761 Mittebates
729 2720 956 2771 nomen,
983 2720 1204 2780 proeses
1226 2699 1585 2777 praefecturas
1614 2703 1781 2777 qu'us
1807 2714 1982 2781 caput
2008 2704 2359 2783 Dascyleum

213 2792 489 2872 oppidum
517 2802 646 2858 est:
685 2792 746 2853 hi
771 2794 940 2853 ambo
967 2812 1038 2851 ex
1061 2791 1431 2854 familiaribus
1454 2794 1811 2859 sermonibus
1846 2793 1903 2851 in
1933 2796 2357 2855 contentionem

212 2885 484 2943 dicuutur
502 2884 789 2945 incidisse.
849 2885 928 2947 Et
957 2884 1311 2951 Mitrolzaten
1330 2884 1581 2961 quidem,
1610 2903 1783 2961 quum
1804 2885 1877 2951 de
1898 2884 2100 2953 virtute
2128 2886 2274 2945 inter
2290 2907 2357 2957 se
2447 2896 2450 2899 '

212 2978 624 3056 disceptarent,
665 2976 878 3035 Oroetae
911 2997 1042 3036 cum
1083 2976 1521 3055 exprobratione
1549 2975 1799 3034 dixisse:
1842 2986 1879 3010 ⁸·
1912 2978 2003 3036 Tu
2029 2978 2251 3037 veroin
2276 2979 2359 3050 vig

156 3122 168 3137 ,
211 3089 407 3129 rorum
435 3088 674 3129 numero
691 3068 960 3139 habeare,
981 3071 1074 3147 qui
1099 3069 1329 3129 Samum
1357 3067 1617 3137 insulam,
1640 3078 1755 3127 tuas
1783 3067 2142 3145 praefecturae
2168 3071 2356 3147 proxi-

211 3180 386 3232 mam,
413 3160 478 3221 in
521 3160 704 3238 Regis
727 3170 1068 3239 potestatem
1096 3180 1212 3219 non
1235 3158 1549 3237 redegisti;
1587 3178 1761 3235 quum
1790 3159 1863 3217 sit
1902 3160 2139 3221 subactu
2164 3162 2246 3221 ita
2270 3163 2361 3233 fa«,

209 3255 354 3324 cilis,
385 3266 456 3313 ut
477 3253 870 3330 indigenarum
895 3249 1117 3331 aliquis,
1147 3270 1280 3313 cum
1325 3250 1649 3330 quindecim
1687 3250 1917 3314 armatis
1943 3252 2265 3331 insurgens,
2284 3277 2360 3317 ea

211 3348 432 3424 potitus
457 3346 550 3419 sit,
573 3356 762 3423 atque·
779 3344 949 3405 etiam
965 3344 1198 3405 nuncin
1222 3364 1296 3403 ea
1316 3342 1697 3403 dominetur!”
1737 3343 1960 3405 Dicunt
1984 3344 2177 3422 igitur,
2202 3347 2359 3419 hunc

207 3436 294 3498 his
319 3434 556 3506 auditis,
583 3454 742 3513 aegre
769 3436 1050 3495 ferentem
1077 3434 1601 3513 exprobrationem,
1630 3433 1907 3511 cupivisse
1934 3454 2048 3498 non
2076 3448 2193 3497 tam
2234 3440 2361 3512 viu-³

209 3528 424 3591 dietam
451 3546 662 3606 capere
688 3527 760 3587 de
789 3546 860 3587 eo
883 3526 1000 3605 qui
1001 3526 1128 3587 boec
1153 3526 1235 3585 illi
1263 3526 1521 3596 dixisset,
1548 3524 1717 3604 quam
1742 3527 1971 3587 omuino
1994 3527 2357 3609 Polycratem

210 3622 482 3700 perdere,
511 3630 748 3698 propter
766 3638 944 3697 quem
969 3616 1120 3678 male
1146 3616 1431 3679 audisset.=

289 3717 430 3773 121.
473 3710 622 3771 Sunt
659 3710 962 3815 pauciores
987 3708 1239 3771 nonnulli
1273 3710 1370 3787 qui
1408 3708 1653 3780 tradant,
1678 3709 1898 3773 misisse
1928 3711 2169 3777 Oroeten
2213 3732 2363 3792 prae-

207 3822 418 3863 eouem
447 3802 702 3872 Samum,
719 3800 912 3861 neseio
935 3800 1070 3879 quid
1086 3800 1416 3878 petiturum.
1456 3804 1592 3875 (nec
1612 3802 1765 3863 enim
1782 3803 1897 3861 hoc
1916 3804 2205 3871 memorias
2224 3825 2355 3884 pro-

207 3894 360 3955 ditur
377 3893 432 3970 :)·
461 3892 828 3971 Polycratem
863 3903 1054 3955 autem
1082 3902 1217 3950 tunc
1259 3889 1314 3947 in
1341 3890 1593 3950 exhedra
1617 3891 1767 3951 forte
1808 3892 2163 3965 decubuisse,
2192 3896 2355 3957 adfu-

205 3985 440 4065 isseque
474 3983 529 4045 ei
557 3986 990 4063 Anacreontem
1016 3982 1220 4045 Teium
1245 4004 1260 4043 t
1303 3993 1477 4060 atque
1520 3984 1660 4061 (sive
1704 3985 1959 4044 consulto
2001 4004 2093 4046 res
2137 3988 2352 4050 Orestas

207 4086 548 4157 aspernatus
567 4076 662 4147 sit,
690 4076 810 4135 sive
835 4094 974 4138 casu
999 4074 1080 4135 ita
1105 4074 1400 4150 acciderit)
1424 4094 1597 4153 quum
1618 4076 1905 4137 accedens
1921 4077 2138 4142 Oroetae
2158 4098 2363 4159 praeco

209 4170 388 4229 verba
425 4168 676 4239 fecisset,
705 4166 1068 4247 Polycratem
1109 4186 1304 4227 versus
1346 4186 1569 4225 murum
1618 4179 1755 4233 tune
1768 4207 1777 4211 -
1792 4167 1951 4231 forte
1994 4188 2356 4241 conversum,

210 4280 320 4321 uec
343 4278 480 4321 sese·
498 4278 696 4323 versus
737 4258 890 4323 illum
917 4259 1202 4339 paulisper
1239 4256 1608 4331 convertisse,
1642 4277 1751 4319 nee
1788 4278 2113 4337 responsum
2145 4260 2355 4323 homini

211 4352 462 4413 dedisse.
