2817 4792
951 693 960 703 ,
1178 542 1942 699 HERonoTI

705 722 2341 971 HISTORLARU M

1145 1022 1457 1095 LIBER
1512 1014 1979 1089 TERTmS.

1309 1190 1785 1277 THALIA.

477 1541 534 1597 1.
560 1526 930 1609 Anvznsus
946 1543 1104 1603 hunc
1127 1542 1298 1623 igitur
1316 1542 1559 1603 Amasin
1574 1542 1911 1625 Cambyses,
1934 1539 2075 1621 Cyri
2100 1538 2270 1611 filius,
2288 1558 2467 1619 quum
2484 1538 2632 1599 alios

470 1636 679 1717 quibus
701 1634 1016 1714 imperavit,
1043 1644 1163 1695 tum
1192 1652 1228 1696 e
1263 1634 1491 1695 Groecis
1519 1635 1687 1695 lonas
1726 1646 1789 1695 et
1817 1634 2116 1695 AEolenses
2139 1632 2379 1702 ducens,
2406 1632 2631 1691 bellum

467 1728 646 1792 movit
665 1729 777 1787 hac
803 1725 879 1786 de
907 1746 1130 1787 caussa.
1213 1726 1448 1787 Misso
1430 1746 1491 1785 ιιι
1520 1726 1836 1807 AEgyptum
1873 1725 2069 1805 legato
2092 1716 2423 1802 Cambyses
2448 1720 2627 1784 filiam

470 1816 760 1880 Amasidi's
776 1818 1022 1899 petierat
1038 1838 1308 1880 uxorem.
1333 1818 1581 1897 petierat
1596 1829 1791 1877 autem
1808 1836 1882 1877 ex
1899 1814 2149 1897 AEgyptii
2167 1812 2462 1889 eujusdam
2482 1832 2627 1873 con-

467 1910 612 1983 silio,
641 1911 738 1991 qni
760 1910 825 1970 id
851 1910 905 1971 ei
931 1921 1193 1971 suaserat
1215 1908 1481 1970 infensus.
1502 1908 1777 1981 AmasidI,
1804 1908 1961 1989 quod
1986 1926 2051 1967 se
2077 1926 2151 1967 ex
2170 1904 2411 1979 cunetis,
2438 1904 2539 1985 qui
2564 1905 2625 1961 in

467 2002 720 2081 AEgypto
737 2011 920 2078 erant,
935 2000 1171 2061 medicis
1191 2001 1494 2081 selegisset
1508 2020 1679 2080 quem
1696 2002 1773 2061 ab
1790 2018 1973 2059 uxore
1990 2008 2049 2058 et
2060 1996 2251 2058 liberis
2268 1998 2620 2057 abstractum

462 2092 794 2153 amandaret
817 2090 876 2151 in
895 2092 1122 2173 Persas,
1145 2106 1319 2171 quum
1339 2092 1531 2172 Cyrus
1550 2093 1625 2151 ab
1653 2092 1851 2153 Amasi
1864 2090 2167 2152 obulorum
2192 2088 2485 2149 medicum
2508 2108 2614 2169 pe-

463 2182 650 2242 tiisset
687 2182 788 2263 qui
813 2192 966 2243 esset
991 2182 1052 2241 in
1080 2184 1334 2263 AEgypto
1367 2182 1637 2262 optimus.
1716 2183 1807 2243 Eo
1846 2182 2105 2242 infensus
2145 2180 2431 2253 Amasidi,
2468 2179 2621 2240 insti·

460 2282 700 2351 gaverat
725 2272 1059 2351 Cambysen
1083 2284 1150 2333 ut
1185 2271 1361 2333 filiam
1385 2268 1533 2333 illius
1560 2284 1820 2353 peteret3
1858 2292 1975 2355 quo
1998 2272 2099 2333 ille
2124 2283 2223 2333 aut
2248 2290 2496 2334 moerore
2518 2270 2615 2332 ad-

459 2362 734 2425 ficeretur
755 2364 893 2425 data
907 2364 1047 2437 filia,
1073 2376 1175 2425 aut
1193 2384 1312 2425 non
1336 2364 1477 2425 data
1500 2364 1695 2425 odium
1718 2365 2033 2425 incurreret
2059 2363 2383 2444 Cambysis.
2437 2365 2615 2423 Ama-

459 2455 559 2526 sis,
605 2455 909 2516 Persarum
947 2457 1260 2537 potentiam
1301 2456 1553 2537 graviter
1592 2458 1787 2518 ferens
1824 2456 2159 2535 timensque,
2198 2466 2259 2515 et
2292 2456 2433 2515 dare
2460 2456 2616 2515 illam

463 2556 528 2606 et
565 2564 782 2625 negare
806 2547 1050 2627 perinde
1091 2546 1490 2620 dubitaverat3
1527 2548 1741 2629 quippe
1766 2548 1917 2608 bene
1938 2566 2168 2627 guma,
2194 2566 2312 2610 non
2336 2546 2611 2625 legitima,

460 2636 676 2709 uxoris,
695 2637 802 2697 sed
825 2636 1046 2717 pellicis
1083 2638 1233 2711 loco,
1257 2632 1588 2699 habitururn
1628 2658 1756 2699 eam
1796 2639 2147 2718 Cambysen.
2214 2637 2371 2698 Haec
2410 2656 2612 2699 secum

461 2739 753 2809 reputans,
809 2729 1036 2789 hancce
1081 2730 1288 2791 inierat
1330 2730 1630 2792 rationem.
1710 2730 1857 2790 Erat
1893 2730 2095 2811 Apriae
2130 2730 2267 2800 filia,
2308 2731 2609 2809 superioris

457 2820 633 2901 regis,
659 2820 971 2882 admodum
996 2832 1058 2881 et
1084 2821 1316 2901 grandis
1337 2832 1400 2881 et
1436 2822 1707 2891 formosa,
1736 2821 1859 2883 sola
1890 2840 1967 2881 ex
2010 2819 2171 2900 regia
2208 2820 2387 2881 domo
2411 2841 2611 2905 super·

455 2924 610 2982 stes3
669 2912 766 2973 eui
815 2919 940 2973 erat
991 2931 1203 2973 nomen
1256 2912 1492 2973 Niteris.
1596 2912 1772 2972 Hanc
1824 2912 1997 2991 igitur
2052 2910 2301 2993 puellam
2360 2914 2613 2985 Amasis,

457 3015 620 3063 veste
647 3014 708 3063 et
729 3022 868 3064 auro
895 3014 1248 3078 exornatam,
1283 3002 1343 3065 in
1385 3004 1592 3065 Persas
1618 3004 1851 3063 miserat
1888 3014 2183 3083 tamquam
2223 3022 2386 3063 suam
2411 3004 2606 3064 filiam.

461 3095 774 3174 Interjecto
794 3106 1056 3175 tempore
1093 3112 1269 3175 quum
1289 3115 1419 3156 eam
1446 3084 1837 3173 complectens
1863 3095 2183 3175 Cambyses
2180 3096 2369 3171 filiam
2392 3094 2611 3157 Amasi-

457 3186 548 3245 dis
573 3186 896 3257 salutasset,
923 3186 1148 3247 dixerat
1171 3186 1227 3245 ei
1265 3185 1493 3267 puella.
1546 3186 1835 3258 Nescis
1861 3186 2015 3256 Rex,
2046 3186 2355 3265 deceptum
2392 3196 2455 3245 te
2484 3206 2610 3247 esse

457 3267 534 3335 ab
559 3276 778 3347 Amasi,
805 3276 916 3355 qui
941 3296 1032 3337 me
1057 3278 1173 3338 hoc
1201 3278 1359 3337 cultu
1399 3288 1655 3337 ornatam
1693 3278 1769 3338 ad
1794 3286 1857 3337 te
1878 3276 2053 3349 misit,
2080 3276 2297 3357 tibique
2316 3287 2610 3356 tamquam

457 3368 632 3427 filiam
661 3368 822 3427 dedit
841 3386 1037 3439 suam;
1075 3388 1248 3449 quum
1270 3388 1472 3429 revera
1495 3352 1602 3429 sim
1629 3368 1819 3447 Apriae
1846 3379 2046 3448 gnata,
2077 3388 2251 3449 quem
2276 3368 2397 3441 ille,
2424 3369 2610 3431 domi.

455 3478 594 3519 num
613 3478 796 3530 suum,
825 3460 1116 3520 concitata
1141 3460 1545 3541 AEgyptiorum
1570 3458 1871 3539 seditione,
1899 3460 2245 3523 interfecit?
2322 3458 2465 3522 Hoc
2493 3480 2615 3520 ver·

454 3554 593 3611 bum
621 3562 682 3611 et
712 3551 838 3610 haec
861 3550 1117 3614 incidens
1143 3572 1350 3613 caussa
1378 3534 1730 3633 Cambysen,
1762 3552 1904 3631 Cyri
1932 3550 2133 3623 filium,
2158 3551 2383 3631 impulit
2424 3562 2490 3612 ut
2510 3574 2606 3613 ve-

454 3642 744 3703 hementi
727 3660 810 3702 rra
823 3642 1091 3704 incensus
1113 3643 1383 3704 adversus
1411 3644 1727 3723 AEgyptum
1746 3641 2007 3703 duceret.
2087 3642 2182 3703 Ita
2202 3644 2437 3724 quidem
2466 3644 2605 3705 Per·
2696 3710 2704 3717 „

457 3754 662 3795 saerem
689 3744 944 3797 narrant.

531 3830 592 3887 2.
631 3826 887 3907 AEgyptii
921 3846 1060 3887 vero
1085 3826 1194 3887 sibi
1220 3810 1505 3889 vindicant
1528 3829 1877 3908 Cambysen,
1912 3828 2176 3889 dieentes
2203 3846 2331 3888 esse
2370 3846 2503 3888 eum
2534 3848 2605 3889 ex

449 3918 562 3979 hae
589 3918 786 3999 Api-ise
819 3918 938 3979 filia
961 3928 1157 3979 natum
1183 3938 1200 3977 ε
1243 3921 1462 4001 Cyrum
1491 3920 1643 3981 enim
1664 3918 1859 3993 fuisse,
1888 3940 2005 3981 non
2024 3920 2371 3999 Cambysen,
2404 3914 2504 4000 qui
2532 3920 2603 3980 ad

449 4008 695 4073 Amasin
719 4008 997 4083 misisset,'
1019 4015 1255 4090 ejusque
1291 4010 1468 4071 filiam
1502 4010 1781 4091 petiisset.
1864 4013 1952 4071 At
1984 4011 2101 4071 hoc
2128 4010 2361 4091 quidem
2392 4030 2510 4071 non
2531 4032 2609 4071 ex*

409 4159 416 4166 ,
448 4102 530 4163 rei
549 4102 793 4164 veritate
817 4101 1034 4163 dieunt.
1111 4102 1297 4161 Immo
1320 4120 1461 4163 vero
1488 4122 1563 4163 ne
1586 4102 1741 4183 ipsos
1762 4102 1995 4181 quidem
2020 4104 2182 4173 latet,
2208 4106 2367 4176 (nam
2406 4102 2603 4163 Persa-

445 4214 575 4255 rum
599 4194 877 4266 instituta,
895 4194 945 4255 si
963 4193 1062 4275 qui
1088 4194 1204 4265 alii,
1231 4195 1384 4255 bene
1409 4204 1625 4254 norunt
1662 4192 1947 4274 AEgyptii)
1972 4193 2237 4275 primum,
2264 4212 2339 4253 ex
2374 4192 2601 4253 illorum

333 4287 338 4292 “
443 4287 668 4365 legibus
691 4287 873 4349 filium
915 4306 989 4346 ex
1014 4285 1222 4367 pellice
1261 4297 1457 4347 natum
1498 4305 1616 4346 non
1662 4286 1979 4347 succedere
2020 4286 2079 4343 in
2108 4304 2370 4363 regnum,
2414 4285 2463 4345 si
2502 4286 2600 4344 ad-

442 4380 616 4442 fuerit
633 4380 952 4463 legitimum
995 4379 1226 4457 deinde,
1249 4398 1327 4440 ex
1349 4378 1742 4455 Cassandana,
1772 4376 2119 4473 Phffnaspis
2138 4376 2274 4453 filia,
2301 4375 2377 4437 de
2398 4376 2600 4437 Achae-
