2817 4792
892 345 897 348 ,
954 274 1602 358 -Τιιιιιιειοιιοιιε,
1865 349 1870 356 ,
2246 283 2362 346 247

184 399 560 480 quibuscum
584 401 800 463 stillis
826 405 1152 467 volueritis:
1190 408 1263 470 de
1290 411 1401 470 hoc
1433 431 1532 472 vos
1565 410 1695 490 ipsi,
1725 409 1866 488 quid
1906 410 2067 470 vobis
2092 412 2370 486 videatur,

196 491 555 570 significate.
620 493 807 553 ‘Nunc
826 515 987 568 vero,
1018 519 1195 577 quum
1237 500 1371 561 sere.
1398 502 1822 581 adpropinquet
1861 510 2086 582 tempus
2120 503 2370 562 cubitum

198 583 409 654 eundi,
450 591 511 642 et
534 585 735 662 pulcre
760 606 860 646 vos
888 588 1112 652 videam
1152 591 1415 672 adpotus,
1457 593 1726 654 mulieres
1753 595 1876 664 has,
1905 593 1954 653 si
1978 595 2172 674 placet
2192 596 2374 666 vobis,

196 674 381 734 sinite
402 677 608 746 lavari,
648 689 711 737 et
736 691 1072 760 exspectate
1098 684 1246 744 lotas
1272 686 1608 746 redituras.”
1687 687 1841 747 Haec
1869 687 2028 748 dicta
2051 707 2226 766 quum
2255 689 2375 748 col-

200 766 551 827 laudassent
596 769 813 841 Persoe,
854 773 1119 835 mulieres
1165 777 1466 837 abeuntes
1489 777 1751 837 dimisit
1734 798 1794 836 ιιι
1833 798 2222 859 gynaeceum}
2251 779 2376 856 ipse

202 857 352 916 &ero
384 857 709 920 Alexander
733 862 882 922 viros
927 864 1056 924 laevi
1086 877 1300 939 mento,
1329 878 1418 928 tot
1451 889 1692 930 numero
1727 880 1868 950 quot
1905 880 2069 930 erant
2107 869 2377 940 foeminae,

201 947 475 1008 muliebri
496 949 655 1010 cultu
684 960 937 1024 ornatos,
958 955 1426 1038 pugIonibusque
1453 960 1780 1034 instructos,
1805 961 2137 1028 introduxit.
2198 963 2376 1027 Quos

201 1041 559 1145 producenti,
586 1042 672 1103 sic
700 1045 907 1105 Persas
928 1047 1330 1129 adloquiturt‘
1335 1051 1680 1125 ‘Videmini,
1702 1055 1920 1138 Persae,
1935 1054 2192 1114 convivio
2217 1071 2256 1112 a
2277 1073 2377 1114 no-

200 1131 295 1190 bis
336 1133 498 1192 omni
520 1117 907 1196 munificentia
946 1139 1225 1201 instructo
1244 1142 1428 1203 fuisse
1471 1145 1732 1224 excepti.
1763 1164 1908 1204 nam
1927 1153 1986 1203 et
2005 1162 2376 1224 quaecumque

198 1224 269 1282 in
286 1236 524 1302 promtu
549 1226 870 1298 habuimus,
895 1241 955 1289 et
974 1251 1104 1310 quae
1130 1233 1365 1314 insuper
1379 1236 1562 1296 vobis
1573 1237 1885 1317 praebenda
1908 1235 2202 1315 potuimus
2217 1255 2381 1315 repe-

202 1316 348 1388 rire,
377 1336 450 1376 ea
470 1318 636 1378 vobis
664 1319 855 1381 omnia
872 1322 1139 1402 adposita
1162 1337 1315 1388 sunt.
1380 1327 1475 1386 Et
1487 1347 1644 1388 nunc
1671 1347 1816 1388 ecce
1841 1328 1957 1388 hoc
1984 1327 2177 1399 etiam,
2221 1327 2379 1406 quod

196 1409 463 1468 omnium
489 1410 799 1472 maximum
826 1419 950 1485 est,
976 1425 1188 1475 matres
1216 1429 1437 1478 nostras
1475 1429 1534 1478 et
1567 1439 1811 1493 sorores,
1839 1419 2030 1480 veluti.
2054 1429 2372 1524 postremas

200 1501 442 1584 laetitias
462 1505 673 1566 vobis
654 1526 887 1586 insuper
908 1507 1220 1574 offerimus:
1250 1529 1365 1589 quo
1387 1510 1776 1588 cognoscatiS,
1797 1529 1902 1570 nos
1917 1510 2072 1569 omni
2095 1511 2378 1570 honorum
2467 1575 2470 1580 ,

201 1614 451 1672 genere,
480 1599 685 1676 quibus
706 1600 865 1679 digni
892 1602 1046 1672 estis,
1063 1621 1165 1662 vos
1186 1608 1321 1662 esse'
1338 1612 1756 1682 prosequutos;
1795 1610 1970 1680 utque
1998 1601 2174 1661 etiam
2204 1602 2375 1680 Regi,

205 1686 311 1766 qui
339 1708 443 1748 vos
481 1690 655 1762 misit,
681 1692 1048 1768 renuncietis,
1086 1693 1266 1752 virum
1309 1693 1602 1765 Graecum,
1632 1692 2012 1752 Macedoniae.
2040 1693 2148 1754 sub
2182 1692 2375 1770 Regis
2461 1709 2466 1714 ·

200 1779 481 1858 auspiciis
501 1783 855 1861 praefectum,
885 1784 1038 1846 laute
1066 1805 1165 1846 vos
1184 1797 1246 1845 et
1274 1804 1474 1845 mensa
1501 1795 1563 1844 et
1588 1785 1744 1844 lecto
1759 1783 2134 1889 excepisse?
2217 1785 2375 1844 Hoec

202 1871 442 1932 locutus
466 1874 858 1949 Alexander,
895 1883 1063 1953 juxta
1102 1897 1391 1958 quemque
1432 1877 1666 1936 Persam
1721 1877 1904 1935 virum
1957 1876 2374 1949 Macedonem,-

207 1965 381 2047 quasi
399 1964 703 2028 mulierem
722 1989 953 2050 nempe,
978 1972 1241 2030 adsidere
1262 1969 1458 2046 jussit:
1489 1969 1586 2094 qui
1606 1988 1742 2029 mox
1768 1969 1993 2041 Persas,
2015 1980 2376 2036 contrectare

199 2057 340 2117 illos
367 2072 661 2134 conantes,
688 2062 1144 2122 interfecerunt.
1449 2083 1454 2088 ·

288 2153 409 2210 21..
433 2152 575 2212 Hoc
598 2153 772 2232 igitur
798 2152 967 2214 niodo
992 2155 1055 2213 hi
1071 2155 1387 2234 perierunt,
1418 2166 1480 2214 et
1505 2155 1632 2235 ipsi,
1657 2166 1718 2215 et
1737 2155 1958 2214 illorum
1995 2154 2370 2215 famulitium·

206 2262 345 2302 nam
363 2244 425 2304 et
440 2245 717 2323 plaustra,
738 2257 801 2306 et
824 2247 1041 2321 famuli,
1062 2257 1126 2307 et
1150 2246 1335 2307 multa
1353 2246 1728 2326 adparatuum
1771 2266 2002 2325 genera
2017 2247 2144 2307 illos
2179 2255 2380 2306 secuta

212 2347 413 2406 erant,
438 2357 584 2416 quae
596 2339 787 2399 omnia
834 2339 999 2398 simul
1026 2359 1159 2400 cum
1183 2339 1353 2419 ipsis
1365 2349 1733 2401 evanuerunt.
1775 2339 2005 2400 Haud
2045 2339 2225 2398 multo
2251 2347 2380 2418 post

212 2447 353 2488 vero
368 2429 530 2489 acris
540 2430 845 2510 inquisitio
869 2433 1075 2492 horum
1086 2431 1335 2490 virorum
1352 2452 1561 2494 caussa
1579 2454 1616 2494 a
1633 2425 1824 2492 Persis
1843 2431 2098 2492 instituta
2119 2442 2244 2491 est.
2272 2428 2380 2490 sed
2457 2451 2460 2458 ·

206 2519 567 2599 inquirentes
593 2522 932 2584 Alexander
957 2523 1213 2583 inhibuit
1226 2524 1622 2604 continuitque
1649 2533 1794 2596 astu,
1823 2534 1885 2582 et
1914 2523 2102 2582 multa
2095 2521 2378 2602 pecunia,

203 2623 275 2672 et
296 2632 493 2673 sorore
528 2633 665 2687 sua,
714 2617 809 2676 cui
850 2635 1062 2676 nomen
1108 2605 1232 2677 erat
1266 2617 1559 2696 Gygaea,
1540 2636 1601 2675 m
1647 2615 2064 2676 matrimonium
2103 2616 2240 2675 data
2253 2615 2381 2674 Bu-

208 2707 390 2777 barse,
411 2706 535 2766 viro
560 2707 780 2780 Persoe,
802 2708 935 2769 duci
958 2727 1158 2768 eorum
1179 2708 1700 2788 quibusinquisitio.
1741 2710 1946 2768 horum
1969 2707 2068 2786 qui
2094 2706 2382 2786 perierant
2456 2703 2461 2708 ’

208 2799 487 2874 mmdata
506 2811 648 2860 erat.
700 2801 823 2860 'Ita
844 2802 1149 2862 Persarum
1172 2802 1416 2878 istorum
1442 2803 1633 2862 caedes
1667 2801 1894 2865 silentio
1915 2817 2248 2878 compressa
2271 2809 2378 2858 est.

292 2895 395 2951 22.
440 2891 639 2952 Fuisse
667 2892 772 2952 hos
800 2913 837 2952 a
864 2894 1147 2955 Perdicca
1168 2895 1472 2978 oriundos-
1486 2896 1838 2973 (Amyntam-
1855 2903 1915 2952 et
1959 2891 2380 2966 Alexandrum)

213 2981 453 3061 origine,
480 2995 547 3042 ut
570 2984 679 3064 ipsi
707 2985 883 3057 aiunt,
913 2986 1175 3056 Graecos,
1202 2996 1264 3045 et
1292 3005 1403 3066 ego
1427 3005 1628 3046 verum
1649 3004 1776 3045 esse
1803 2983 2032 3053 scio,=et
2049 2982 2116 3044 in
2127 2991 2381 3060 sequen-

212 3073 370 3154 tibus
389 3075 1077 3138 historiisldemonstr'abo
1100 3079 1345 3153 Groecos
1364 3077 1562 3138 fuisse.
1637 3079 2034 3155 Agnoverunt.
2049 3093 2187 3134 vero
2204 3074 2379 3134 etiam

212 3167 295 3237 hi,
327 3167 449 3245 qui.
466 3167 775 3248 Olympiae.
792 3171 1109 3230 certamina.
1126 3169 1467 3229 Gr'oecorum
1493 3167 2102 3239 administranuita‘se
2127 3164 2380 3226 'remhai-
2452 3178 2459 3182 ’

214 3258 385 3317 bere.
462 3257 705 3320 Etenim]
728 3263 917 3340 'quum
932 3313 939 3318 .
952 3261 1279 3321 Alexander
1326 3258 2122 3338 solennibusludis.cuperet
2139 3267 2379 3328 certare,
2452 3281 2458 3288 ·

212 3360 273 3408 et
290 3350 385 3412 ,ob
408 3351 487 3424 ‘id
512 3350 696 3430 ipsum
736 3351 1063 3433 Olympiam
1078 3364 1245 3414 esset
1270 3353 1596 3433 profectus,
1611 3351 1823 3422 Graeci,
1865 3351 2206 3430 quibuscum
2242 3361 2381 3410 con·-

204 3461 497 3504 cursurus.
532 3453 673 3516 erat,
704 3446 1017 3505 excludere
1042 3449 1177 3504 eum
1198 3446 1538 3512 voluerunt3
1585 3443 1864 3514 dicentes,
1890 3443 2255 3504 Barbar'orum
2279 3462 2383 3520 ηοιι

209 3537 451 3604 esse-boc
476 3539 875 3608 certamea,.5ed
900 3537 1230 3597 Graecorum.
1274 3536 1360 3602 At
1382 3535 1734 3605 Alexander,
1747 3543 2049 3612 ‘postquam
2063 3553 2132 3594 se
2157 3533 2378 3614 origine

212 3647 343 3687 esse
386 3627 671 3706 Argivum
694 3628 1129 3704 demonstravit,
1165 3627 1411 3687 Groecus
1435 3645 1563 3686 esse
1593 3625 1920 3702 judicatus
1917 3635 2055 3695 ·;est
2077 3636 2176 3696 et,
2205 3643 2382 3706 quum

212 3719 420 3778 stadio
412 3726 591 3779 esset
602 3723 935 3792 certaturus,
956 3739 1081 3780 sors
1096 3719 1169 3778 ei
1188 3733 1325 3778 cum
1349 3717 1550 3797 primo
1560 3717 1796 3779 excidit.
1852 3717 1974 3777 Et
1995 3717 2126 3778 hoec·
2151 3714 2382 3795 quidem

213 3820 297 3879 ita
322 3819 487 3888 gesta
512 3821 675 3870 sunt.
1110 3841 1115 3846 ·
1679 3831 1684 3838 ·
1731 3839 1736 3844 ·
2027 3831 2036 3840 ’
2221 3833 2226 3840 ·
2373 3837 2380 3854 ²

214 3925 221 3936 ·
290 3905 391 3962 23.
412 3857 873 3978 Messalinus,
902 3902 1160 3965 Paeona‘s
1173 3903 1418 3976 ducens,
1439 3904 1518 3964 ad
1535 3839 1992 3982 Hellespontum
2003 3909 2384 3980 pervenerat·
2367 3944 2385 3968 ,

210 3993 483 4073 indeque,
520 3998 623 4056 eo·
634 4001 937 4072 ⁸:trajectm
928 3996 1181 4058 Sardes
1204 3996 1486 4076 pervenit.
1588 3998 1898 4074 Quumque
1922 4013 2030 4073 per
2061 3992 2144 4054 id
2156 4004 2384 4095 tempus

215 4085 497 4146 Histioe⁷m
525 4087 787 4148 Milesius
795 4090 947 4166 ..jm
954 4109 1118 4149 muro
1145 4090 1393 4150 muniret
1418 4088 1611 4149 locum
1639 4107 1792 4157 eum,
1811 4106 1983 4165 quem
1995 4085 2186 4146 dono·
2198 4082 2252 4142 ei
2277 4083 2380 4146 tle-'-

216 4177 401 4237 derat
396 4179 671 4251 Datum,
678 4180 1013 4240 mercedem
1028 4180 1305 4260 custoditi
1338 4180 1562 4264 pontis,
1601 4179 1714 4257 qui
1725 4178 1908 4242 locus:
1915 4175 2012 4240 ad
2007 4176 2384 4256 Strymonem

214 4268 455 4329 fluvium
474 4282 583 4344 est,
614 4282 675 4332 et
704 4268 2016 4352 Myrcinus.voeati11··;Magabam-„cognito
2057 4266 2222 4346 quod
2243 4277 2388 4342 age—

215 4360 316 4420 bat
329 4361 627 4446 Eutimia,
641 4364 989 4445 simulatque
1005 4385 1141 4426 cum
1154 4365 1488 4445 Poeombua,
1497 4373 1641 4443 quos
1642 4362 1780 4442 regi
1795 4360 2145 4442 adducebat,
2171 4355 2382 4424 Sardes
