2817 4792
1074 297 1574 392 ΡοιιιΜιιιΑ.
1771 381 1780 388 ,
2067 277 2074 286 ’
2324 304 2440 396 sss

232 417 473 482 ciliata
498 419 646 503 pace
660 422 734 486 iu
764 423 917 485 banc
944 426 1356 500 conditionem,
1384 439 1454 488 ut
1481 426 1842 490 camarinam
1874 424 2222 512 Hippocrati
2249 385 2440 486 trade·

234 524 408 588 rent
430 513 757 594 Syracusii.
800 535 930 576 nam
959 517 1269 598 antiquitus
1292 519 1726 602 Syracusiorum
1757 519 2063 580 Camarina
2085 517 2294 577 fuerat.

248 653 258 665 .
357 610 497 666 155.
538 606 857 686 Postquam
872 629 1009 670 vero
1039 610 1377 690 Hippocrati
1406 611 1600 684 etiam,
1631 633 1806 692 quum
1834 609 2070 672 totidem
2099 630 2278 672 annos
2300 611 2444 689 quot

246 696 569 758 Cleander
594 697 774 759 frater
814 713 1132 779 regnasset,
1178 703 1394 764 accidit
1431 713 1495 763 ut
1532 704 1610 763 ad
1650 703 1910 808 Hyblam
1955 704 2178 775 urbem,
2223 701 2442 760 bellum

246 807 489 866 gerens
510 809 643 850 cum
674 791 905 864 Siculis,
936 794 1339 864 occumberem
1377 805 1521 854 tunc
1560 793 1824 854 nimirum
1850 793 1944 852 hic
1989 789 2181 864 Gelon,
2209 793 2444 852 nomine

246 880 513 958 quidem
553 892 717 944 tenus
744 903 915 964 opem
955 886 1149 946 ferens
1188 887 1317 946 filiis
1361 888 1736 968 Hippocratis
1765 875 2084 962 Euclidi'et
2130 885 2440 968 Cleandro,

250 971 483 1052 quibus
506 978 627 1050 jam
654 995 856 1054 parere
883 977 1039 1038 cives
1064 979 1385 1050 noluerant,
1409 999 1477 1040 re
1500 999 1640 1042 vera
1663 992 1876 1052 autem,
1904 977 2102 1057 praelio
2131 973 2292 1040 vi'ctis
2316 975 2439 1062 Gess·
2469 995 2479 1013 ’-

251 1061 409 1138 lois,
448 1065 604 1124 solus
631 1065 755 1146 ipse
781 1068 1062 1148 regnavit,
1092 1069 1464 1149 Hippocratis
1491 1069 1618 1130 filiis
1646 1070 1883 1149 imperio
1910 1065 2208 1128 fraudatis.
2289 1068 2440 1132 Quae

251 1173 363 1214 zea
402 1175 591 1234 quum,
614 1158 669 1218 ei
696 1171 901 1238 praeter
926 1181 1087 1242 spem
1114 1163 1508 1235 successisset,
1527 1151 1748 1230 'deinde
1777 1182 2028 1242 gamoros
2053 1180 2195 1243 quos
2221 1167 2435 1224 vocant

250 1245 733 1340 Syracusiorum,
748 1251 847 1334 [id
870 1262 975 1325 ese,
992 1254 1339 1334 praediorum
1364 1255 1751 1334 possessores]
1771 1254 1914 1320 urbe
1937 1257 2156 1332 ejectos
2173 1273 2209 1312 a
2226 1251 2437 1332 populo

264 1348 336 1396 et
370 1357 410 1398 a
448 1341 687 1420 propriis
723 1343 919 1415 servis,
960 1345 1057 1423 qui
1087 1343 1330 1428 Cyllyrii
1378 1345 1751 1419 vocabantur,
1793 1367 1866 1410 ex
1898 1346 2185 1410 Casmena
2223 1340 2438 1428 oppid&

240 1427 593 1508 ‘Syracusas
628 1435 881 1508 reduxit,
906 1447 966 1496 et
990 1435 1101 1498 hac
1129 1457 1360 1516 quoque
1385 1439 1532 1499 urbe
1565 1437 1782 1518 potitus
1811 1447 1919 1504 est.
1999 1437 2254 1520 Populus
2284 1434 2436 1496 enim

200 1539 207 1544 ·
268 1515 711 1604 Syracusiorum
740 1528 1072 1588 adventanti
1101 1524 1315 1592 Geloni
1346 1540 1406 1589 et
1433 1549 1496 1590 se
1525 1540 1584 1589 et
1611 1531 1813 1591 urbem
1841 1529 2096 1592 tradidit.

258 1677 265 1682 .
356 1620 491 1678 156.
522 1617 822 1697 Syracusis
842 1619 1058 1699 potitus
1088 1620 1341 1692 Gelon,‘
1316 1619 1438 1700 Jam
1460 1641 1574 1682 non
1592 1621 1738 1682 tanti
1764 1619 1904 1680 fecit
1932 1619 2134 1680 Gelae
2118 1627 2433 1704 unperare
2419 1662 2435 1676 .

262 1705 470 1786 itaque
494 1708 610 1770 hoc
639 1710 910 1790 oppidum
932 1711 1097 1770 sratri
1122 1733 1227 1772 suo
1249 1711 1494 1772 Hieroni
1519 1712 1795 1794 permisit,
1817 1712 1939 1792 ipse
1956 1731 2091 1772 vero
2121 1711 2435 1794 Syracusas

254 1798 531 1880 quolibet
570 1801 744 1862 modo
771 1802 1013 1861 munivit
1053 1814 1113 1864 et
1150 1804 1351 1863 auxit.
1394 1813 1672 1884 erantque
1715 1805 1768 1863 ei
1813 1805 2110 1883 Syracusae
2139 1802 2278 1861 loco
2313 1819 2436 1860 om-

260 1888 449 1948 nium.
534 1885 614 1950 Et
654 1891 812 1952 brevi
837 1891 963 1954 haec
992 1895 1129 1954 urbs
1157 1895 1334 1954 crevit
1360 1896 1687 2002 floruitque.
1767 1895 1920 1955 Nam
1956 1905 2016 1955 et
2045 1893 2435 1954 Camarinoeos

257 1993 535 2062 cunctos,
568 1983 881 2064 Syracusas
924 1986 1309 2062 transductOS,
1357 1987 1514 2048 cives
1553 1988 1718 2060 fecit,
1765 1988 1954 2048 diruta
1990 1973 2331 2047 Camarina.
2374 1996 2437 2044 et

260 2079 485 2150 majore
511 2088 677 2154 parte
706 2077 1021 2137 Geloorum
1046 2079 1255 2138 civium
1280 2080 1490 2138 eodem
1516 2081 1714 2152 modo,
1740 2100 1854 2160 quo
1883 2077 2266 2149 Camarinaeis,
2296 2091 2435 2136 usus

250 2179 383 2230 est.
462 2167 847 2248 Megarenses
873 2190 1012 2232 vero
1042 2169 1292 2230 Siciliam
1331 2172 1652 2232 incolentes
1681 2192 1856 2254 quum
1886 2172 1957 2230 ab
1989 2170 2088 2230 illo
2116 2168 2436 2250 oppugnati

246 2259 329 2339 ,in
344 2259 695 2322 deditionem
719 2261 1043 2341 venissent‘3
1071 2263 1456 2342 opulentiores
1478 2284 1697 2336 eorum,
1718 2264 1816 2345 q‘ui
1840 2263 2054 2323 bellum
2078 2273 2277 2322 contra
2300 2257 2436 2319 eum

262 2353 701 2426 suscitaverant,
734 2367 793 2415 et
831 2357 905 2415 ob
933 2355 995 2416 id
1035 2376 1098 2415 se
1110 2357 1457 2438 ''perditum
1439 2357 1508 2417 tri
1535 2357 1832 2440 putabant,
1861 2355 2078 2436 pariter
2118 2357 2434 2436 Syracusas

266 2443 610 2518 transduxit,
642 2445 911 2526 civesque
940 2447 1120 2522 fecit3
1158 2449 1392 2530 piebem
1421 2456 1620 2524 autem
1647 2449 2099 2536 Megarensium,
2127 2467 2256 2528 quae
2296 2444 2433 2508 belli

250 2557 385 2600 ,non
405 2537 594 2597 fuerat
614 2551 826 2610 auctor,
856 2549 915 2597 et
927 2539 1071 2597 nihil
1094 2540 1166 2606 ab
1194 2539 1296 2598 illo
1314 2540 1448 2600 mali
1467 2559 1530 2600 se
1551 2559 1840 2620 passuram
1860 2541 2251 2621 exspectabat,
2278 2535 2432 2597 hanc

258 2627 413 2687 item
432 2628 741 2708 Syracusas
768 2631 1101 2708 perductam
1125 2631 1378 2690 vendidit
1404 2652 1476 2692 ea
1492 2632 1837 2703 conditione,
1855 2643 1918 2690 ut
1941 2651 1974 2690 e
1999 2631 2194 2690 Sicilia
2219 2647 2432 2708 expor-

252 2732 547 2786 tarentur.
628 2722 963 2804 Eodemque
991 2725 1162 2786 modo
1192 2722 1610 2786 Euboeensibus
1637 2743 1770 2784 usus
1799 2734 1885 2786 est
1911 2721 2158 2783 Siciliam
2178 2716 2440 2791 incolens

268 2813 442 2884 tibus,
474 2814 722 2875 discreta
760 2815 933 2894 plebe
962 2835 997 2876 a
1022 2815 1426 2896 locupletibus.
1509 2816 1646 2894 Egit
1673 2825 1867 2875 autem
1893 2815 1975 2875 ita
2001 2832 2134 2874 cum
2172 2812 2438 2891 utrisque

264 2906 381 2966 hac
402 2926 622 2980 caussa,
642 2908 807 2986 quod
824 2908 1097 2986 molestiae
1118 2920 1177 2969 et
1197 2907 1433 2986 periculi
1453 2909 1682 2988 plenum
1705 2917 1954 2986 putaret,
1971 2923 2088 2964 una
2108 2921 2238 2976 cum
2258 2903 2459 3026 pleb&

264 2995 548 3064 habitare.
630 2999 761 3060 Tali
786 2999 961 3064 modo
980 3012 1184 3080 potens
1211 3010 1486 3079 tyrannus
1509 2999 1700 3058 Gelon
1727 3008 2010 3068 evaserat.
2087 3015 2094 3021 ·

348 3096 485 3157 15-7.
528 3093 697 3162 Tunc
723 3113 882 3165 vero,
908 3103 1207 3172 postquam
1236 3093 1549 3174 Syracusas
1576 3111 1786 3152 venere
1817 3093 2130 3160 Graecorum
2156 3088 2384 3168 legati,
2366 3089 2437 3158 ιιι,

264 3196 633 3264 conspectum
665 3185 906 3253 Gelonis
932 3185 1222 3265 producti,
1250 3186 1375 3245 haec
1392 3185 1546 3265 apud
1575 3205 1709 3246 eum
1729 3185 1912 3251 verba
1933 3179 2218 3258 fecerunt.
2255 3178 2426 3240 “Mi-

242 3289 466 3358 „serunt
505 3298 611 3344 nos
639 3277 1068 3346 Lacedaemonii
1094 3291 1153 3338 et
1180 3279 1571 3338 Athenienses
1610 3278 1933 3356 horumque
1957 3274 2116 3348 socii,
2145 3274 2223 3334 ad
2249 3272 2430 3333 socie-

261 3368 447 3430 tatem
485 3365 760 3437 adversus
788 3371 1105 3438 Barbarum
1131 3382 1191 3430 te
1218 3371 1574 3430 invitaturos.
1656 3368 1840 3429 Haud
1873 3359 2050 3428 dubie
2079 3367 2230 3426 enim
2268 3365 2426 3426 hunc

258 3461 411 3526 nosti
442 3461 733 3528 Graeciam
766 3463 1165 3534 invadentem;
1209 3464 1394 3523 virum
1418 3463 1671 3533 Persam,
1715 3461 1814 3553 qui
1837 3461 2222 3539 Hellesponto
2242 3453 2423 3538 ponte

245 3561 463 3632 juncto
491 3556 781 3623 universas
802 3556 1057 3616 Orientis
1076 3556 1361 3637 copiasex
1382 3556 1528 3615 Asia
1543 3542 1976 3628 transducturus
1997 3564 2105 3624 est,
2127 3548 2423 3642 ethelhun

258 3649 523 3708 illaturus
568 3641 847 3722 Graeciae·
891 3667 1149 3718 caussam
1172 3647 1402 3728 quidem
1447 3659 1793 3727 praetexenS,
1825 3655 2027 3706 'contra
2058 3643 2320 3704 Athenas
2347 3635 2422 3702 se

261 3741 479 3806 ducere
508 3739 837 3812 exercitum,
864 3739 925 3798 in
954 3739 1141 3806 animo
1170 3751 1364 3799 autem
1387 3741 1607 3814 habens
1634 3749 1817 3802 totam
1837 3737 1942 3798 sibi
1964 3735 2255 3797 Graeciam
2281 3735 2419 3794 sub-

230 3832 456 3912 jicere.
538 3831 634 3893 Tu
661 3851 799 3900 vero
825 3851 1032 3912 magna
1051 3831 1327 3936 praeditus
1354 3851 1418 3902 ea
1441 3831 1726 3935 potentia,
1751 3839 1809 3890 et
1832 3821 1991 3899 haud
2017 3828 2248 3888 minima
2282 3845 2415 3906 pars

256 3921 508 3986 Graeciae
534 3923 693 4002 apud
720 3933 778 3992 te
798 3935 906 3994 est,
934 3923 1030 4003 qui
1051 3923 1301 4003 imperas
1326 3922 1556 3998 Siciliae.
1609 3923 1898 3985 Succurre
1924 3919 2102 4012 igitur
2121 3915 2415 3979 liberanti-

255 4017 369 4082 bus
386 4013 711 4106 Graeciam,
720 4035 848 4074 cum
872 4013 1067 4098 eisque
1090 4035 1218 4082 earn
1242 4015 1464 4078 libera
1447 4015 1462 4058 ¹
1491 4013 1758 4080 .Etenim
1773 4013 1991 4096 junctis
2019 4011 2266 4070 Graeciae
2284 4010 2416 4069 viri-
2520 4064 2524 4072 .

258 4109 375 4172 bus
398 4127 613 4186 magna
636 4107 985 4172 contrahitur
1010 4127 1227 4180 manus,
1255 4119 1317 4183 et
1341 4126 1510 4187 pares
1529 4127 1719 4178 sumus
1743 4097 2035 4167 invadenti
2059 4101 2228 4162 hosti.
2309 4101 2424 4163 Sin

224 4211 517 4280 nostrum
542 4200 637 4260 alii
663 4220 779 4260 nos
787 4198 1056 4280 produnt,
1080 4199 1175 4260 alii
1199 4205 1402 4276 ‚iuvare
1430 4200 1653 4270 nolunt,
1677 4210 1737 4259 et
1763 4199 1976 4278 exigua
2004 4216 2135 4294 pars
2164 4193 2427 4254 Graeciae

228 4303 507 4372 sanaem
524 4304 662 4364 tunc
680 4311 813 4362 vero
831 4303 920 4358 est
932 4279 1260 4368 verendum,
1277 4311 1350 4355 ne
1368 4292 1597 4366 Graecia
1609 4303 1806 4380 pereat
1815 4283 2094 4358 universa.
2112 4285 2248 4362 Noli
2263 4287 2427 4360 cuitu
