2817 4792
470 278 556 342 76
657 273 664 276 ·
1064 260 1508 341 HERon'o‘rl
1552 269 1893 334 ms'ron.
1934 270 2017 330 11.

468 409 664 464 versus
677 403 1104 466 mediterranea
1130 405 1362 464 Thebas
1381 421 1583 482 usque,
1606 419 1759 460 nunc
1779 398 2111 458 declarabo:
2152 403 2242 455 est
2266 410 2478 471 nempe
2510 401 2640 450 sta-

474 496 698 555 diorum
722 496 908 555 sexies
947 497 1100 556 mille
1129 507 1357 556 centum
1391 506 1453 554 et
1491 493 1712 571 viginti.
1793 489 2007 550 Thebis
2033 497 2227 547 autem
2262 503 2439 563 usque
2482 483 2638 542 Ele-

473 587 786 677 phantinen
803 599 932 646 sunt
959 588 1115 647 mille
1133 599 1194 646 et
1213 587 1562 689 octingenta
1576 582 1775 642 stadia.

510 669 653 738 10.
681 675 886 755 'Hujus
909 679 1082 757 igitur
1107 675 1279 756 qua'm
1297 677 1415 736 dixi
1440 675 1689 753 regionis
1702 672 1943 751 plurima
1962 689 2112 750 pars,
2138 667 2636 748 quemadmodum

479 777 539 828 et
561 781 865 858 narrarunt.
883 771 1236 840 sacerdotes,
1265 780 1326 828 et
1351 767 1531 826 mihi
1515 764 1619 844 ipsi
1646 765 1828 824 visum
1852 773 1993 832 erat,
2022 761 2305 838 adquisita
2339 757 2638 836 AEgyptiis

479 866 639 918 terra
673 845 776 920 est.
849 855 1120 931 Etenim,
1155 853 1328 938 quod
1343 859 1494 917 inter
1516 855 1820 962 praedictos
1848 863 2072 912 montes
2110 869 2285 930 supra
2324 847 2636 936 Memphin

481 951 618 1010 sitos
655 949 1024 1030 interJeetum
1059 964 1164 1022 est,
1201 951 1266 1011 id
1301 940 1440 1008 mihi
1476 949 1658 1028 visum
1698 956 1825 1005 erat
1855 944 1989 1003 olim
2026 944 2181 1002 sinus
2216 941 2389 1000 maris
2424 939 2636 1010 fuisse,

483 1041 1002 1120 quedmadmodum
1044 1061 1114 1102 ea
1156 1059 1284 1120 quae
1321 1040 1479 1118 circa
1493 1021 1671 1101 ,Ilium
1701 1048 1833 1096 sunt
1860 1048 1919 1095 et
1949 1033 2373 1105 Teuthraniam‚
2411 1044 2470 1094 et
2495 1051 2639 1111 quae

487 1133 645 1214 eirca
665 1133 979 1238 Ephesum
1008 1143 1068 1190 et
1109 1117 1387 1190 Maeandri
1414 1147 1708 1207 Ucampum
1735 1129 1782 1186 si
1818 1125 1956 1186 licet
1982 1145 2159 1211 parva
2194 1126 2455 1185 conferre
2496 1140 2639 1184 cum

489 1224 739 1302 magnis·
767 1243 900 1282 nam
923 1234 1126 1306 neuter
1153 1241 1348 1282 eorum
1375 1219 1696 1288 fluviorum,
1726 1223 1965 1296 quorum
1982 1237 2055 1276 ex
2080 1203 2336 1314 proluvie
2357 1217 2482 1276 haec
2498 1215 2642 1273 loca

493 1325 664 1372 enata
688 1323 836 1385 sunt,
857 1333 933 1371 ne
960 1333 1089 1373 cum
1111 1332 1226 1371 uno
1254 1311 1483 1390 quidem
1518 1329 1592 1369 ex
1616 1309 1735 1392 Nili
1762 1308 1937 1379 ostiis,
1967 1327 2097 1386 quse
2122 1325 2359 1366 numero
2388 1305 2639 1385 quinque

493 1416 646 1475 sunt,
669 1405 1128 1491 magnitudinem
1142 1405 1190 1462 si
1217 1413 1466 1482 spectes„
1489 1387 1737 1462 meretur
1756 1400 2091 1479 comparari.
2139 1397 2283 1456 Sunt
2306 1417 2445 1456 vero
2466 1397 2641 1455 etiam

497 1493 590 1554 alii
617 1497 792 1568 fluvii,
831 1483 1224 1574 magnitudine
1251 1513 1380 1559 cum
1407 1491 1544 1552 Nilo
1581 1493 1911 1570 neutiquam
1938 1489 2289 1559 conferendi,
2320 1490 2419 1569 qui
2442 1500 2641 1546 tamen

499 1595 590 1646 res·
623 1588 900 1646 maximas
940 1585 1225 1646 efficiunt.
1267 1605 1505 1664 quorum
1533 1603 1643 1662 ego
1690 1583 1921 1641 nomina
1960 1582 2135 1641 edere
2175 1599 2431 1660 possum,
2464 1595 2640 1658 quum

498 1677 758 1748 aliorum,
785 1687 908 1736 tum
933 1678 1182 1764 maxime
1206 1675 1481 1744 Acheloi3
1520 1675 1615 1752 qui
1647 1675 2029 1735 Acarnaniam
2050 1673 2357 1752 perfluenS,
2376 1669 2601 1750 ibique
2583 1687 2641 1727 m

499 1779 660 1828 mare
683 1789 750 1830 se
777 1757 1112 1841 exonerans,
1137 1755 1533 1830 Echinadum'
1509 1786 1631 1843 Jam
1652 1767 1938 1826 dimidiam
1966 1775 2183 1843 partem
2204 1785 2275 1824 ex
2290 1763 2485 1824 insulis
2502 1761 2644 1820 fecit

506 1862 920 1921 continentem.
1049 1875 1052 1880 “
2456 1875 2485 1906 ··

517 1972 520 1985 ¹
591 1957 685 2010 11·-
729 1953 838 2011 Est
863 1963 1058 2011 autem
1081 1952 1141 2008 in
1178 1951 1417 2020 Arabia,
1457 1949 1612 2007 haud
1650 1950 1850 2027 procul
1877 1950 1949 2008 ab
1980 1949 2249 2028 AEgypto‚
2278 1949 2447 2006 maris
2472 1947 2643 2016 sinus3

509 2061 584 2100 ex
621 2043 828 2102 Rubro
855 2042 1009 2120 quod
1033 2049 1270 2100 'vocatur
1295 2039 1439 2123 mari
1464 2040 1521 2098 in
1548 2051 1759 2122 terram
1786 2041 2091 2117 pertinens,
2118 2040 2199 2097 ita
2222 2039 2425 2115 longus
2454 2047 2515 2096 et
2549 2057 2647 2096 an-

511 2120 1118 2209 gustusmti‘dicturus
1145 2151 1288 2192 sum.
1329 2131 1663 2208 L'ongitudo
1686 2130 2076 2209 navigationis,
2101 2131 2151 2189 si
2178 2131 2250 2189 ab
2276 2130 2474 2188 intimo
2500 2129 2651 2188 sinus

511 2238 746 2282 recessu
785 2219 1173 2328 proficiscaris
1208 2225 1342 2282 navi
1381 2223 1553 2283 remis
1588 2223 1820 2300 agitata,
1869 2224 2057 2282 donec
2092 2222 2152 2280 in
2192 2241 2349 2280 mare
2392 2232 2653 2299 apertum

513 2316 858 2392 perveneriS,
878 2323 1041 2374 tanta
1056 2323 1142 2374 es't
1159 2325 1230 2378 ut
1241 2315 1439 2398 diesin
1458 2333 1529 2374 ea
1556 2319 1957 2374 consumantur
1974 2313 2375 2394 quadraginta:
2409 2313 2653 2374 latitudo

515 2417 728 2478 autem,
763 2407 861 2466 ubi
896 2407 1208 2466 latissimus
1227 2408 1398 2495 sinus,
1440 2394 1656 2481 dimidii
1687 2406 1851 2464 unius
1880 2407 1993 2466 diei
2030 2409 2333 2486 navigatio.
2416 2408 2657 2467 Obtinet

516 2507 708 2556 autem
730 2499 790 2555 in
815 2499 916 2556 illo
941 2498 1197 2577 quotidie
1214 2485 1400 2556 fluxus
1424 2499 1595 2556 maris
1610 2508 1671 2556 et
1694 2499 1966 2557 refluxusi
2009 2499 2205 2558 Alium
2210 2501 2397 2580 igitur
2418 2499 2657 2558 similem

515 2587 640 2646 fere
663 2590 796 2648 huic
817 2590 1001 2648 sin-um
1023 2589 1155 2648 olim
1175 2576 1487 2668 AEgyptum
1511 2589 1687 2648 fuisse
1705 2591 1985 2660 existimo,
2010 2611 2044 2650 e
2071 2581 2502 2670 septentrionali
2524 2588 2657 2648 mari

518 2670 732 2740 versus
740 2681 1086 2771 AEthiopiam
1123 2681 1479 2750 influentem,
1510 2681 1659 2738 sicut
1704 2682 1938 2740 Arabius
1978 2682 2077 2760 [de
2106 2703 2219 2761 quo
2258 2697 2351 2742 me
2378 2683 2657 2743 dicturum

521 2788 649 2831 esse
681 2761 970 2850 professus
995 2771 1174 2851 surm]
1218 2791 1294 2830 ex
1321 2771 1552 2830 australi
1578 2771 1720 2830 mari
1760 2772 1983 2852 Syriam
2008 2793 2199 2834 versus
2238 2774 2459 2844 tendit3
2500 2775 2661 2833 ambo

523 2865 938 2956 propemodum
973 2863 1094 2922 sibi-
1115 2862 1362 2921 invicem
1387 2881 1651 2921 recessus
1686 2881 1817 2922 suos
1842 2863 2221 2946 perforanteS,
2252 2867 2462 2972 exig-uo
2498 2875 2659 2924 terras

524 2957 714 3034 spatio
739 2950 1058 3030 interjectd.
1140 2955 1315 3019 Quod
1341 2954 1388 3012 si
1414 2954 1589 3032 igitur
1616 2953 1787 3013 Nilus
1810 2937 1869 3012 in
1894 2957 2049 3016 hunc
2071 2957 2339 3016 Arabium
2365 2959 2549 3015 sinum
2570 2975 2661 3014 vo-

526 3049 696 3106 luerit
725 3049 949 3106 alveum
967 3065 1132 3106 suum
1155 3055 1433 3114 avertere,
1458 3045 1596 3124 quid
1622 3045 1858 3124 impedit
1883 3067 1995 3126 quo
2018 3049 2205 3108 minus
2228 3048 2322 3108 hic
2349 3049 2505 3108 sinus
2526 3049 2663 3106 intra

530 3139 728 3216 viginti
755 3153 1034 3196 annorum
1069 3129 1246 3203 millia
1283 3138 1517 3215 ingesto
1541 3136 1675 3196 limo
1720 3139 2114 3220 compleatur?
2156 3141 2285 3218 Ego
2310 3138 2543 3218 'quidem
2581 3161 2665 3201 ar-

530 3231 727 3300 bitror,
775 3227 947 3288 etiam
994 3229 1145 3287 intra
1181 3229 1405 3288 decem
1424 3229 1601 3288 millia
1635 3249 1911 3290 annorum
1947 3251 2117 3310 posse
2160 3231 2475 3310 compleri.¹
2552 3235 2671 3294 Cur

533 3321 712 3398 igitur
729 3320 878 3378 intra
898 3319 1168 3397 temporis
1185 3320 1451 3396 spatium,
1476 3321 1631 3397 quod
1651 3333 1785 3379 ante
1806 3341 1993 3380 meam
2010 3331 2235 3381 aetatem
2262 3320 2495 3395 effluxit,
2518 3325 2669 3384 sinus

529 3411 722 3469 mult'o
741 3409 912 3468 etiam
938 3414 1116 3484 major
1139 3427 1308 3488 quam
1333 3408 1429 3470 hic
1462 3431 1576 3470 non
1601 3413 1851 3490 potuerit
1876 3406 2148 3492 compleri
2178 3431 2213 3472 a
2248 3413 2421 3473 fluvio
2446 3426 2566 3474 tam
2590 3417 2671 3474 in·
2708 3463 2712 3470 .

493 3515 496 3522 '
539 3509 716 3589 gente
741 3489 971 3578 tamque
995 3501 1218 3564 valido.
1203 3501 1234 3542 ⁹

627 3598 721 3652 12.
763 3593 964 3694 Itaque
991 3590 1138 3665 hoec,
1181 3609 1312 3680 quae
1350 3593 1427 3652 de
1466 3595 1715 3684 AEgypto
1752 3596 1943 3666 retuli,
1980 3605 2039 3654 et
2065 3595 2154 3654 his
2192 3597 2290 3674 qui
2315 3615 2387 3656 ea
2424 3597 2675 3672 referunt

547 3673 740 3778 credo,
771 3693 832 3741 et
865 3682 988 3760 ipse
1013 3695 1117 3760 per
1140 3699 1235 3740 me
1269 3681 1352 3741 ita
1391 3703 1455 3742 se
1479 3673 1695 3744 habere
1722 3687 2019 3757 existimo3
2058 3706 2232 3764 quum
2269 3699 2329 3746 et
2358 3687 2675 3768 prominere

547 3777 607 3834 in
631 3771 791 3834 mare
809 3774 1040 3851 videam
1069 3767 1386 3852 AEgyptum
1411 3777 1563 3836 ultra
1588 3779 1884 3855 reg-ionem
1911 3780 2193 3858 utrimque
2219 3781 2591 3860 adjacentem,
2619 3793 2691 3854 et,

553 3867 857 3946 conchylia
881 3866 1103 3925 videam
1139 3865 1372 3943 reperiri
1395 3867 1457 3925 in
1484 3871 1789 3952 montibus,
1818 3883 1879 3929 et
1904 3871 2247 3950 salsuginem
2285 3871 2496 3966 ubique
2531 3871 2691 3931 efflo··

549 3974 812 4048 rescere,
823 3957 902 4016 ita
931 3969 996 4016 ut
1021 3958 1097 4041 ab
1135 3975 1206 4016 ea
1231 3957 1402 4016 etiam
1442 3961 1765 4039 pyramides
1796 3964 2189 4032 corrodantur,
2220 3974 2280 4021 et
2311 3981 2444 4022 eum
2482 3963 2681 4021 solu'm-
2715 4005 2721 4012 -

552 4051 724 4109 modo
749 4041 1017 4120 montem,
1039 4049 1136 4126 qui
1163 4043 1334 4127 supra
1351 4051 1649 4129 Memphin
1669 4064 1777 4124 est,
1796 4073 1971 4114 arena
1988 4036 2317 4115 obtectum·
2360 4038 2561 4125 adiisse
2579 4075 2679 4114 nec
2713 4109 2720 4122 ,

555 4142 828 4200 finitimas
823 4141 1053 4218 r-egioni
1085 4141 1353 4203 Arabicae
1379 4141 1619 4200 similem
1648 4141 1989 4224 AEgyptum
1997 4147 2270 4218 videmus,
2298 4165 2408 4206 nec
2434 4137 2680 4226 Libycae,

555 4253 668 4294 nee
687 4227 828 4299 vero
843 4232 1012 4291 etiam
1037 4231 1330 4311 Syriacam
1367 4235 1523 4310 (nam
1553 4236 1789 4296 Arabiae
1789 4249 2025 4317 partem
2050 4240 2368 4300 secundum
2396 4257 2550 4297 mare
2566 4257 2683 4316 por·

557 4336 779 4385 rectam
809 4323 962 4403 Syrii
983 4322 1242 4401 tenent3)
1281 4325 1388 4386 sed
1410 4325 1633 4404 nigram
1650 4337 1869 4388 terram
1898 4342 2067 4408 atque
2096 4329 2469 4402 confractam,
2500 4338 2701 4412 utpote
