2817 4792
497 206 614 305 uir
1077 227 1527 321 flanonori
1570 238 1907 321 msron.
1950 238 2058 298 111.

1726 338 1731 343 ⁶
2757 350 2758 381 l

487 389 718 449 aquam,
745 379 810 427 ut
847 368 984 429 nihil
1011 383 1380 449 supernatare
1422 370 1621 449 possit,
1660 388 1853 447 neque
1878 368 2119 447 lignum,
2148 384 2341 445 neque
2366 385 2667 445 quaecum·
2756 386 2758 449 i

411 456 420 465 ”
487 480 600 539 que
627 460 783 539 ligno
803 472 936 519 sunt
962 461 1212 526 leviora;
1253 461 1443 519 sedin
1472 461 1709 519 fundum
1732 460 1889 519 abire
1912 460 2121 519 omnia.
2204 458 2385 533 Cujus
2410 475 2593 537 aquae
2620 458 2665 523 si
2756 452 2758 485 ³

483 571 690 611 revera
711 572 782 611 ea
821 564 1028 611 natura
1054 566 1160 620 est,
1188 572 1316 631 quae
1355 552 1709 631 perhibetur,
1738 551 1953 611 fuerint
1978 550 2063 609 illi
2086 551 2240 611 hanc
2266 550 2343 631 ob
2382 568 2663 633 caussam

485 640 730 723 longaevi,
774 644 931 723 quod
957 644 1260 723 plurimum
1299 645 1413 703 hac
1456 664 1609 722 aqua
1648 653 1907 704 utuntur.
1988 641 2227 715 Afonte
2258 640 2657 711 discedentes,

483 736 686 817 ductos
705 756 769 795 se
790 736 965 797 fuisse
993 738 1298 795 narrabant
1321 736 1382 795 in
1403 736 1603 799 locum
1616 755 1735 815 quo
1757 734 1937 795 vincti
1955 733 2217 802 homines
2238 734 2658 795 custodieban-

481 828 814 906 tur-„ibique
844 839 1081 887 cunctos
1123 828 1310 887 aureis
1348 828 1573 887 vinctos
1617 825 1991 931 compedibus
2034 824 2259 885 vidisse.
2345 824 2455 883 Est
2500 824 2655 897 enim

481 918 634 997 apud
671 920 778 979 hos
807 920 1104 999 AEthiopes
1144 940 1224 977 ees
1263 918 1625 979 metallorum
1654 918 2005 977 rarissimum
2046 928 2112 977 et
2122 915 2652 1007 pretiosissimum.
2740 992 2749 997 ,

477 1011 750 1091 Inspecto
778 1032 1032 1081 carcere,
1063 1011 1232 1071 etiam
1259 1010 1408 1071 Solis
1434 1030 1711 1079 mensam,
1738 1014 1873 1091 quee'
1890 1021 2149 1079 vocatur,
2168 1017 2613 1091 spectaverunt.

553 1109 654 1163 24.
695 1104 837 1163 Post
874 1104 1046 1173 hanc,
1089 1104 1161 1161 ad
1216 1114 1537 1162 extremum
1576 1113 1911 1181 spectarunt
1963 1102 2205 1177 sepu'lcm
2246 1120 2467 1169 eorum,
2513 1119 2647 1177 quae

473 1217 508 1253 e
530 1196 672 1253 vitro
697 1194 1068 1297 perhibentur
1095 1214 1222 1253 esse
1251 1205 1465 1271 parata,
1504 1194 1620 1253 hoc
1650 1194 1839 1251 modo.
1923 1194 2233 1271 Postquam
2271 1192 2647 1251 arefecerunt

418 1308 446 1353 ,·
473 1286 742 1353 cadaver,
787 1285 908 1344 sive
938 1285 1144 1343 eadem
1170 1285 1391 1343 ratione
1434 1295 1608 1363 atque
1646 1284 1927 1363 AEgyptii,
1954 1284 2075 1343 sive
2123 1302 2239 1362 quo
2284 1282 2399 1341 alio
2440 1282 2642 1349 modo,

473 1387 655 1435 totum
693 1371 878 1456 'gypso
919 1375 1199 1445 oblinunt,
1243 1387 1302 1433 et
1343 1376 1563 1453 pictura
1601 1375 1685 1435 ita
1723 1386 2027 1445 exornant,
2067 1384 2131 1433 ut
2172 1376 2435 1453 speciem
2463 1392 2639 1453 quam

469 1468 721 1529 maxime
750 1468 994 1543 similem
1021 1468 1146 1527 vivo
1172 1468 1415 1537 referat3
1468 1464 1677 1526 deinde
1703 1486 1905 1528 cavam
1934 1466 2263 1525 columnam
2307 1466 2362 1523 ei
2391 1465 2643 1525 circum-

471 1562 612 1621 dant
647 1581 724 1619 ex
766 1562 908 1619 vitro
950 1560 1294 1629 confectam,
1340 1559 1497 1637 quod
1536 1558 1695 1637 apud
1733 1558 1863 1617 illos
1905 1576 2117 1633 magna
2154 1556 2323 1635 copia
2364 1568 2425 1619 et
2446 1574 2637 1615 manu
2742 1578 2751 1589 ·

468 1652 771 1731 tractabile
813 1651 1098 1710 effoditur.
1181 1652 1272 1711 Ita
1299 1652 1354 1708 in
1385 1649 1573 1709 media
1614 1649 1885 1720 columna
1910 1658 2067 1707 stans
2086 1648 2375 1717 'cadaven
2403 1668 2507 1727 per
2534 1668 2637 1725 εστ,

381 1744 386 1749 ’
464 1744 720 1803 lumnam
759 1743 1127 1821 conspicitur,
1165 1762 1274 1803 nec
1315 1743 1557 1803 odorem
1598 1740 1777 1799 ‘ullum
1818 1740 2035 1821 spirans
2056 1739 2485 1817 ..injucundums
2518 1752 2632 1822 nee

467 1833 620 1895 aliud
645 1834 949 1936 quidquam
990 1834 1339 1895 incommodi
1380 1833 1681 1911 praebens.
1725 1842 1926 1911 estque
1955 1832 2224 1892 columna
2262 1832 2631 1895 circumcirca

467 1926 796 2003 conspicua,
837 1935 1012 2001 atque
1033 1924 1227 1983 adeo
1212 1943 1396 2003 ipsum
1428 1924 1601 1983 etiam
1637 1923 1884 1982 cadaver
1916 1922 2073 1981 omni
2100 1942 2173 1981 ex
2210 1933 2387 2001 parte
2405 1924 2631 2001 conspi-

465 2034 636 2075 cuum
675 2025 784 2073 est.
865 2015 928 2073 H
935 2035 1043 2074 ane
1084 2015 1405 2074 columnam
1434 2034 1537 2091 per
1576 2002 1710 2072 anni
1736 2013 1983 2092 spatium
2012 2014 2129 2073 suls
2168 2012 2227 2070 in
2254 2014 2481 2073 aedibus
2514 2034 2629 2087 ser-=

376 2102 384 2110 ’
461 2116 601 2165 rant
655 2106 754 2185 qui
795 2106 1136 2183 cognatione
1177 2105 1426 2185 proximi
1466 2116 1617 2175 sunt,
1676 2125 1865 2165 rerum
1908 2105 2159 2163 omnium
2197 2105 2471 2185 primitias
2492 2092 2624 2171 illis

465 2198 792 2267 offerentes,
819 2198 1045 2274 aliaque
1073 2216 1239 2265 sacra
1278 2196 1601 2257 facientes.
1642 2196 1853 2257 deinde
1882 2197 2099 2257 sedibus
2126 2198 2301 2257 elatas
2330 2198 2625 2269 columnas

464 2287 622 2349 circa
648 2288 849 2346 urbem
877 2288 1184 2347 collocant..
1936 2347 1950 2355 ,
2418 2318 2427 2325 ·

539 2384 638 2441 25.
683 2380 1111 2462 Speculatores,
1131 2390 1429 2460 postquam
1454 2382 1565 2441 ista
1591 2383 1797 2443 omnia‘
1821 2393 2200 2463 spectassent,
2229 2384 2449 2444 reversi
2474 2394 2619 2443 sunt.

460 2472 577 2539 Qui
601 2472 698 2529 ubi
725 2472 850 2531 haec
874 2474 1298 2544 renunciarunt,
1328 2475 1591 2553 protinus
1620 2474 1959 2554 CambyseS,
1988 2476 2074 2533 ira
2091 2476 2377 2546 incensus,
2409 2477 2621 2545 bellum

458 2564 676 2625 inferre
716 2564 1076 2643 AEthiopibus
1101 2564 1380 2635 instituit,
1436 2567 1594 2625 nullo
1634 2568 1709 2628 de
1750 2568 2111 2647 procuranda
2148 2586 2213 2627 re
2251 2567 2623 2629 frumentaria

457 2656 728 2716 mandato
758 2657 914 2725 dato,
945 2676 1054 2715 nec
1083 2676 1279 2716 secum
1314 2658 1575 2737 cogitans
1603 2659 1663 2717 in
1692 2658 1893 2720 ultima
1928 2668 2210 2719 terrarum
2234 2657 2451 2739 suscipi
2480 2662 2621 2720 hanc

457 2747 892 2829 expeditionem.
978 2747 1114 2816 Sed,
1156 2759 1220 2807 ut
1259 2748 1527 2818 furiosus,
1572 2768 1682 2807 nec
1724 2750 1936 2815 ,mentis
1980 2770 2232 2829 compos,
2280 2752 2619 2831 simulatque

407 2874 423 2881 -
455 2840 927 2919 Ichthyophagos
952 2839 1230 2909 audierat,
1259 2840 1336 2898 ad
1362 2840 1579 2909 bellum
1606 2842 1935 2901 faciendum
1962 2844 2257 2921 profectus
2286 2854 2411 2912 est;
2456 2846 2621 2919 Groeff
2660 2850 2671 2857 ‘

457 2952 580 3001 cos,
607 2932 702 3011 qui
733 2952 866 2991 cum
895 2952 965 2991 eo
1007 2943 1186 3003 erant,
1229 2933 1288 2991 in
1325 2932 1588 3015 AEgypto
1618 2953 1847 2993 manere
1876 2938 2113 3011 jubens,
2139 2920 2458 3016 peditatum
2484 2958 2621 2997 vero

453 3023 778 3105 universum
795 3042 990 3083 secum
1019 3024 1257 3083 ducens.
1341 3025 1659 3103 Postquam
1676 3024 1882 3083 itinere
1912 3026 2143 3085 Thebas
2164 3028 2445 3105 pervenit,
2464 3020 2623 3089 able-

455 3098 612 3193 gavit
652 3114 728 3172 de
758 3114 1014 3173 exercitu
1052 3115 1208 3173 circa
1249 3114 1661 3193 quinquaginta
1705 3115 2000 3175 hominum
2034 3114 2225 3189 millia,
2268 3138 2411 3195 quos
2449 3121 2621 3196 jussit

453 3204 513 3261 in
553 3203 882 3263 servitutem
921 3203 1184 3283 redigere
1230 3206 1589 3275 Ammonios,
1632 3217 1691 3264 et
1733 3207 2023 3265 oraculum
2062 3208 2243 3267 Jovis·
2268 3210 2621 3275 incendere:

451 3280 598 3377 ipse,
629 3272 907 3373 reliquum
937 3295 1151 3355 ducens
1175 3297 1508 3367 exercitum,
1534 3298 1805 3357 adversus
1831 3298 2123 3377 AEthiopes
2150 3302 2433 3381 perrexit.
2476 3304 2612 3380 Sed,

450 3384 606 3464 prius
633 3405 804 3463 quam
837 3385 1090 3463 quintam
1134 3388 1483 3447 confecisset
1520 3388 1734 3449 itineris
1774 3399 2017 3467 partem,
2047 3390 2313 3467 primum,
2340 3374 2615 3473 quidquid

450 3478 788 3539 cibariorum
827 3476 900 3534 de
941 3477 1207 3537 frumenti
1234 3498 1451 3557 genere
1492 3480 1831 3551 habuerant,
1874 3500 1974 3539 eos
2016 3481 2347 3553 defecerat-3
2384 3485 2616 3558 deinde,

448 3580 580 3647 post
606 3568 976 3636 frumentum,
1006 3568 1180 3626 etiam
1189 3574 1454 3641 jumenta
1474 3591 1600 3647 quae
1622 3572 1847 3629 comedi
1870 3583 2111 3654 possent·
2126 3572 2425 3635 defecere.
2469 3580 2617 3661 Quae·

360 3707 366 3715 .
450 3660 497 3719 si
529 3660 847 3739 Cambyses
887 3659 1214 3763 intelligens
1255 3671 1531 3719 mutasset
1570 3663 1930 3735 sententiam,
1976 3664 2412 3753 exercitumque
2451 3668 2613 3727 redu-

446 3750 658 3819 xisset3
699 3757 841 3819 erat,
883 3761 1014 3829 post
1055 3750 1212 3829 prius
1253 3749 1561 3811 admissum
1601 3765 1925 3833 peccatum,
1963 3746 2048 3815 §ir
2074 3746 2327 3833 prudens
2352 3758 2613 3841 futurus3

342 3863 350 3876 ·
445 3858 622 3910 nunc,
662 3838 800 3897 nihil
829 3860 1024 3901 secum
1068 3850 1357 3919 reputanS,
1398 3842 1637 3903 ulterius
1679 3862 1906 3922 semper
1946 3859 2299 3927 progressus
2332 3862 2443 3911 est.
2526 3855 2608 3913 At

446 3923 654 3991 milites
683 3924 954 4009 quamdiu
983 3951 1016 3989 e
1043 3942 1212 3990 terrae
1241 3932 1366 3989 solo
1393 3932 1651 3991 nancisci
1672 3934 1885 4013 aliquid
1906 3948 2195 4016 poterant,
2222 3938 2433 4001 herbas
2458 3944 2603 4002 radi-

447 4042 662 4101 cesque
699 4022 1071 4082 comedentes
1092 4022 1268 4081 vitam
1293 4034 1721 4086 sustentarunt·
1762 4026 1861 4085 ubi
1888 4047 2021 4091 vero
2047 4028 2107 4093 in
2132 4049 2373 4091 arenosa
2406 4053 2611 4117 perve-

446 4134 610 4191 nere,
639 4112 822 4173 dirum
851 4112 1074 4173 facinus
1101 4102 1356 4171 nonnulli
1383 4134 1584 4173 eorum
1613 4115 2013 4189 instituerunt;
2052 4121 2249 4191 sortiti
2262 4142 2335 4183 ex
2356 4143 2421 4183 se
2448 4124 2601 4227 ipsis,

447 4206 730 4291 decimum
761 4220 1049 4284 quemque
1091 4203 1489 4266 comederunt.
1570 4208 1701 4273 Qua
1727 4228 1790 4267 re
1831 4211 2067 4287 cognita
2095 4212 2435 4293 Cambyses,
2465 4216 2599 4273 veri-

356 4390 378 4396 ,.
447 4308 539 4363 tus
568 4304 842 4383 mutuam
857 4297 1521 4389 militum-comesturam,
1550 4298 1757 4393 omissa
1783 4296 2065 4365 adversus>
2100 4304 2398 4397 AEthiqpes
2428 4325 2603 4397 expe-⁸

1088 4460 1114 4479 S
