2817 4792
1145 269 1364 362 bno.
1524 283 1529 288 ’
1644 323 1653 334 -
2258 277 2330 358 is

193 423 329 499 apud
365 416 769 514 Athenienses,
803 427 903 505 qui
943 426 1090 486 inter
1129 429 1373 524 Graecos
1416 430 1681 489 feruntur
1712 425 2001 516 sapientia
2010 417 2334 504 principes.

195 511 368 572 Erat
353 535 410 572 ιιι
439 537 624 608 pago
629 519 947 579 Paeaniensi
981 505 1204 593 mulier,
1241 517 1473 582 nomine
1512 522 1697 601 Phya,
1727 517 1974 601 quatuor
2012 520 2334 578 cubitorum

200 614 392 664 statura
428 609 616 668 minus
655 611 836 670 tribus
877 611 1081 691 digitis,
1121 625 1181 674 et
1191 608 1439 702 alioqui
1476 615 1746 704 formosa.
1830 605 2004 673 Hanc
2036 605 2337 673 mulierem

202 677 350 772 quum
388 695 654 761 universa
669 687 1100 792 instruxissent
1139 693 1449 786 armatura,
1489 707 1546 765 in
1586 696 1960 784 currumque
1980 705 2340 765 sustulissent

202 780 438 849 edoctam
465 793 624 871 prius
655 785 788 854 eum
833 797 1136 858 adsumere
1162 801 1348 859 vultus
1386 799 1757 879 corporisque
1789 799 2048 858 habitum
2058 793 2191 902 quo
2220 817 2339 858 ma-

207 879 336 941 xime
356 883 564 956 decora
587 897 745 946 esset
765 888 1142 966 adpetitum,
1129 909 1186 948 ιιι
1207 894 1408 951 urbem
1430 903 1630 970 agunt,
1651 891 1954 971 praemissis
1976 890 2074 969 qui
2094 881 2345 969 praecur'·

206 983 372 1030 retent
395 977 782 1052 praeconibus,
821 980 918 1058 qui
940 981 1082 1040 ubi
1063 1002 1124 1040 ιιι
1151 983 1352 1041 urbem
1376 984 1670 1042 venissent
1696 983 1826 1042 haec
1852 981 2122 1041 mandata
2147 981 2340 1042 edice-

193 1073 346 1121 rent.
388 1072 424 1102 ‘⁶
445 1067 856 1142 Athenienses,
897 1074 1052 1131 bono
1079 1071 1268 1134 animo
1305 1069 1557 1154 excipite
1592 1063 1979 1145 Pisistratum,
2015 1092 2188 1151 quem
2226 1073 2346 1131 Mi-

205 1173 360 1216 nerva
381 1156 507 1236 ipsa
533 1162 828 1275 praecipuo
853 1165 1004 1224 inter
1030 1165 1292 1227 homines
1314 1166 1534 1226 honore
1554 1175 1881 1245 prosecuta,
1901 1165 1960 1224 in
1970 1185 2140 1230 suam
2164 1165 2343 1226 redu·

208 1244 273 1303 cit
308 1251 564 1310 arcem!''
635 1253 722 1312 Hi
761 1254 936 1334 igitur
972 1258 1184 1346 passim
1227 1259 1650 1319 circumeuntes
1684 1258 1809 1317 haec
1844 1257 2342 1345 praedicaverunt?

208 1337 480 1446 statimque
506 1361 701 1404 rumor
725 1365 830 1424 per
855 1368 1038 1428 pagos
1062 1350 1335 1423 manavit,
1363 1350 1723 1410 Pisistratum
1752 1367 1788 1408 a
1815 1348 2085 1409 Minerva
2109 1349 2345 1421 reduci3
2395 1433 2403 1440 -

210 1442 260 1488 et
281 1433 370 1510 qui
395 1433 451 1492 in
471 1437 618 1498 urbe
645 1451 832 1512 erant,
857 1443 1116 1520 persuasi
1141 1443 1293 1504 hanc
1317 1443 1618 1512 mulierem
1648 1461 1775 1504 esse
1790 1441 1973 1522 ipsam
1999 1441 2343 1513 Minervam,

211 1521 509 1586 adorarunt
513 1549 664 1602 eam,
693 1532 1170 1615 Pisistratumque
1197 1547 1569 1616 receperunt.
1618 1557 1631 1578 ·

223 1619 362 1676 61.
402 1620 616 1681 Hunc
597 1623 777 1702 igitur
799 1625 860 1684 in
887 1627 1144 1700 modum,
1165 1647 1338 1707 quem
1362 1629 1627 1699 diximus,
1652 1639 1997 1706 recuperata
2021 1628 2347 1706 tyrannide,

213 1706 514 1772 Pisistratus
543 1734 620 1774 ex
647 1727 822 1794 pacto
849 1739 983 1779 cum
1011 1720 1289 1798 Megacle
1314 1720 1459 1779 inito
1485 1719 1662 1778 filiam
1691 1719 1981 1797 Megaclis
2010 1719 2175 1778 duxit
2200 1739 2348 1778 uxo·

213 1818 332 1860 rem.
408 1805 620 1864 Verum
649 1827 828 1886 quum
862 1821 924 1870 et
959 1811 1060 1870 filii
1099 1822 1294 1890 essent
1319 1811 1374 1870 ei
1402 1811 1822 1881 adolescentes,
1854 1821 1913 1868 et
1940 1810 2351 1876 Alcmaeonidae

215 1890 514 1978 dicerentur
556 1899 790 1958 obnoxii
828 1921 955 1960 esse
995 1903 1242 1982 piaculo,
1283 1904 1489 1963 nolens
1533 1922 1609 1961 ex
1646 1920 1796 1961 novo
1834 1901 2101 1979 conjugio
2137 1901 2352 1963 liberos

214 1984 502 2064 suscipere,
549 2008 668 2050 non
706 1993 790 2051 uti
826 1993 914 2053 fas
959 2006 1049 2054 est
1095 1997 1289 2056 coibat
1323 2016 1457 2055 cum
1495 2014 1703 2054 uxore.
1785 1995 1975 2072 Atque
2016 1994 2077 2054 id
2114 1994 2349 2073 ‘quidem

211 2075 433 2152 primum
459 2081 670 2142 celavit
695 2085 934 2144 mulier.
979 2087 1192 2147 deinde
1219 2108 1378 2161 vero,
1405 2089 1523 2148 sive
1551 2088 1909 2164 interrogata
1934 2107 1971 2146 a
1994 2097 2199 2156 matre,
2230 2088 2351 2148 sive

212 2166 397 2243 minus,
421 2174 586 2232 matri
612 2194 734 2236 suae
761 2178 1044 2257 adperuit,
1075 2191 1250 2260 atque
1278 2180 1377 2240 illa
1414 2200 1545 2240 cum
1572 2179 1781 2237 marito
1808 2199 1931 2238 rem
1966 2178 2353 2238 communica-

211 2257 298 2338 vit.
371 2263 675 2344 Megacles
703 2289 840 2330 vero
881 2272 1072 2351 inique
1116 2272 1310 2332 ferens
1346 2293 1408 2332 se
1446 2293 1483 2332 a
1522 2272 1824 2330 Pisistrato
1859 2268 2107 2330 ludibrio
2134 2271 2352 2343 haberi,

212 2370 306 2427 per
329 2353 460 2415 iram
488 2378 521 2418 e
549 2361 796 2438 vestigio
835 2383 970 2422 cum
995 2365 1254 2424 adversae
1279 2364 1543 2423 factionis
1570 2363 1917 2432 hominibus,
1946 2363 2145 2442 positis
2170 2363 2357 2422 inimi-

216 2441 362 2518 citiis,
385 2449 441 2506 in
465 2451 710 2528 gratiam
737 2455 926 2514 rediit.
1009 2455 1162 2514 Tum
1181 2455 1531 2525 Pisistratus,
1562 2455 1659 2514 ubi
1684 2453 1822 2532 quid
1845 2466 2048 2513 contra
2068 2474 2128 2514 se
2158 2475 2358 2532 agere·
2418 2505 2429 2517 ,

213 2545 297 2594 ιιιι·
319 2542 558 2614 rescivit,
587 2565 814 2624 prorsus
843 2567 878 2605 e
904 2558 1056 2608 terra
1076 2549 1270 2608 Attica
1297 2547 1590 2608 discessit:
1634 2558 1695 2606 et
1725 2547 2009 2606 Eretriam
2037 2548 2355 2627 profectus,

213 2627 282 2687 ibi
305 2651 428 2691 cum
452 2635 582 2694 filiis
613 2639 688 2698 de
714 2641 888 2700 rebus
913 2641 1029 2700 suis
1063 2637 1423 2700 deliberavit.
1506 2639 1623 2699 Ubi
1650 2639 1921 2716 vincente
1962 2639 2198 2719 Hippiae
2226 2660 2357 2700 sen-

217 2723 392 2797 tentia,
423 2731 751 2817 tyrannidem
777 2733 1096 2808 postliminio
1138 2735 1493 2810 occupandam
1520 2733 1827 2803 censentis,
1854 2752 2094 2791 munera
2122 2733 2359 2809 collige-

219 2811 341 2873 bant
381 2837 451 2876 ex
505 2821 586 2880 eis
629 2822 972 2904 civitatibuS,
1018 2844 1146 2902 quse
1187 2825 1316 2884 illos
1363 2823 1640 2903 superiori
1686 2835 1949 2902 tempore
1994 2822 2361 2884 observantia

221 2909 443 2982 quadam
471 2912 635 2974 era‘nt
661 2917 972 2995 prosecuti.
1053 2920 1312 2983 Quarum
1338 2937 1511 2995 quum
1540 2915 1737 2974 multas
1763 2934 2001 2992 magnas
2032 2914 2361 2972 conferrent

220 3000 486 3075 pecunias,
519 3005 783 3066 Thebani
807 3030 930 3088 prae
959 3009 1181 3070 eaeteris
1209 3008 1551 3069 liberalitate
1580 3007 1895 3080 eminuere.
1980 3005 2267 3075 Posthaec,
2295 3015 2361 3070 ut

224 3087 362 3150 brevi
382 3115 658 3157 sermone
699 3101 1012 3178 absolvam,
1049 3101 1347 3176 interjecto
1375 3112 1657 3178 tempore,
1687 3097 1875 3156 omnia
1900 3097 1977 3156 ad
2001 3097 2247 3156 reditum
2276 3099 2360 3159 eis

219 3195 394 3256 parata
416 3188 618 3250 fuere:
645 3211 777 3250 nam
799 3203 860 3252 et
884 3193 1086 3270 Argivi
1102 3193 1437 3252 mercenarii
1456 3192 1809 3250 advenerant
1836 3209 1909 3248 ex
1933 3189 2357 3269 Peloponneso,

223 3286 274 3330 et
298 3274 504 3340 Naxius
530 3282 632 3354 vir,
664 3285 758 3343 cui
785 3284 1103 3364 Lygdamis
1131 3305 1360 3354 nomen,
1391 3283 1544 3343 ultro
1572 3301 1672 3342 eos
1700 3291 2067 3363 convenerat,
2094 3293 2155 3342 et
2180 3303 2363 3362 quum

225 3371 458 3442 pecuniis
487 3375 727 3448 collatis,
771 3387 892 3436 tum
926 3378 1192 3440 adductis
1217 3378 1508 3450 militibus,
1537 3395 1883 3456 propensam
1910 3376 2159 3456 inprimis
2188 3379 2363 3448 animi

225 3457 551 3524 voluntatem
583 3469 942 3546 probaverat.

291 3558 378 3612 62.
407 3557 612 3638 Itaque
643 3561 872 3622 Eretria
895 3564 1164 3643 profecti,
1186 3565 1495 3624 undecimo
1514 3583 1666 3624 anno
1695 3563 1753 3622 in
1776 3563 2016 3641 patriam
2044 3563 2365 3636 redierunt,

228 3649 276 3697 et
298 3645 527 3720 primum
547 3650 608 3708 in
630 3652 839 3712 Attica
853 3664 1008 3713 terra
1029 3655 1440 3716 Marathonem
1462 3665 1837 3735 occuparunt.
1881 3657 2015 3720 Quo
2034 3655 2165 3714 loco
2184 3675 2365 3732 quum

223 3746 386 3799 castra
427 3742 773 3819 posuissent,
801 3765 940 3806 mox
970 3749 1178 3827 partim
1207 3769 1282 3808 ex
1307 3751 1449 3812 urbe
1487 3750 1587 3828 qui
1623 3769 1753 3808 cum
1778 3747 1891 3810 illis
1932 3748 2255 3818 sentiebant
2283 3749 2363 3808 ad

228 3823 310 3884 eos
335 3832 764 3908 conveniebant,
806 3839 1016 3915 partim
1042 3860 1075 3900 e
1102 3841 1268 3920 pagis
1307 3842 1403 3910 alii
1442 3842 1849 3904 confluebant·
1834 3881 1851 3912 ,
1890 3839 2092 3918 quibus
2117 3859 2363 3918 regnum

225 3913 466 3982 libertate
511 3938 638 3986 erat
677 3931 1001 4020 optabilius.
1103 3934 1293 4011 Atque
1335 3934 1419 3993 ita
1442 3935 1515 3992 hi
1562 3932 1793 4012 quidem
1841 3933 2362 4010 congregabantur.

227 4007 586 4078 Athenienses
613 4039 755 4080 vero
791 4022 849 4080 in
875 4025 1039 4094 urbe,
1063 4044 1234 4102 quam
1261 4024 1358 4083 diu
1399 4025 1729 4086 Pisistratus
1758 4024 2069 4103 pecuniam
2092 4025 2371 4103 cogebat,

228 4117 288 4159 se
311 4105 512 4168 deinde
539 4131 737 4172 rursus
764 4135 940 4193 quum
971 4117 1379 4177 Marathonem
1406 4129 1652 4190 teneret,
1696 4117 1909 4176 nullam
1928 4122 2059 4193 ejus
2085 4119 2363 4176 rationem

222 4191 561 4265 habuerant.
607 4209 716 4267 sed
737 4209 834 4270 ubi
856 4207 1230 4284 resciverunt,
1261 4213 1612 4284 Marathone
1642 4231 1774 4282 eum
1796 4213 2001 4284 urbem
2024 4229 2219 4270 versus
2247 4211 2369 4268 ιιιο-

221 4306 364 4363 vere,
369 4306 508 4356 tum
533 4319 676 4361 vero
703 4303 757 4362 ei
783 4304 1202 4366 occurrendum
1222 4317 1566 4384 statuerunt,
1647 4305 1733 4372 Hi
1756 4305 1927 4390 igitur
1952 4319 2081 4359 cum
2106 4299 2366 4360 omnibus

225 4383 388 4462 copiis
411 4391 686 4454 adversus
713 4395 1022 4470 redeuntes
1051 4398 1264 4476 egressi
1299 4407 1470 4466 sunt:
1510 4396 1791 4473 simulque
1832 4381 2157 4455 Pisistratus
2178 4401 2245 4450 et
2270 4392 2371 4469 qui
