2817 4792
1091 286 1453 365 ‚THAL1A.
1502 362 1517 375 ⁸
1570 316 1581 323 -
2222 280 2333 344 175
2368 316 2371 325 -

167 415 352 496 plinio
383 428 454 482 et
478 432 722 498 persona
745 417 920 497 ipsius
947 415 1202 497 indigno,
1231 429 1294 477 et
1315 415 1546 497 ingenio
1570 439 1589 475 ε
1625 432 1779 486 nam,
1805 411 2071 491 exceptis
2093 411 2337 491 Syracu-

169 508 410 569 siorum
455 510 724 589 tyrannis,
771 528 850 569 ne
883 528 1031 569 unus
1063 508 1296 587 quidem
1336 526 1408 565 ex
1435 506 1558 567 aliis
1594 505 1793 565 Graeci
1818 504 2045 586 generis
2084 502 2339 583 tyrannis

169 601 628 679 magnificentia
652 620 786 661 cum
815 600 1116 681 Polycrate
1136 599 1380 671 conferri
1405 608 1674 663 meretur.
1732 597 1916 657 Foedo
1939 596 2110 682 modo
2137 605 2197 655 et
2217 614 2342 653 nar-

171 704 308 753 ratu
329 694 582 771 indigno
601 694 878 764 occisum,
901 693 1063 755 cruci
1091 693 1326 751 Oroetes
1352 690 1557 757 adfixit
1580 710 1595 749 :
1634 690 1978 769 quicumque
2005 708 2143 749 vero
2164 706 2237 745 ex
2251 706 2344 745 co-

175 783 429 846 mitibus
464 785 614 844 illius
645 784 819 845 Samii
851 795 1033 855 erant,
1069 784 1176 843 hos
1201 782 1429 855 dimisit,
1452 782 1689 860 gratiam
1726 780 1832 839 sibi
1857 780 2071 839 habere
2104 780 2337 857 jubens,

175 877 351 953 quod
379 876 712 939 libertatem
739 886 1032 944 servarent
1049 899 1068 934 ε
1109 884 1390 954 quotquot
1407 894 1542 934 vero
1568 872 1851 952 peregrini
1868 884 1967 930 aut
1992 870 2139 929 servi
2156 870 2215 929 in
2242 888 2342 929 co-

179 968 407 1029 mitatu
433 973 559 1044 ejus
607 969 859 1038 fuerant,
901 957 1011 1029 hos‘
1048 966 1270 1027 vinctos
1316 965 1727 1055 mancipiorum
1763 964 1895 1025 loco
1938 961 2157 1023 habuit.
2239 961 2341 1021 Sic

183 1058 514 1133 Polycratis
529 1080 593 1121 ex
618 1078 774 1119 cruce
793 1077 1075 1135 suspensus
1091 1057 1409 1117 universam
1428 1056 1561 1115 filioe
1576 1056 1846 1117 visionem
1868 1053 2116 1133 explevit
2141 1076 2158 1112 z
2186 1052 2341 1111 lava-

181 1148 366 1209 batur
401 1150 561 1211 enim
587 1152 660 1211 ab
695 1152 866 1222 Jove,
899 1148 1129 1228 quando
1155 1148 1435 1227 pluebat;
1472 1158 1533 1207 et
1564 1148 1945 1224 inungebatur
1980 1163 2017 1203 a
2053 1144 2195 1212 sole,
2220 1142 2343 1201 hu·

183 1257 419 1301 morem
445 1241 574 1319 ipse
601 1262 636 1303 e
663 1261 902 1321 corpore
927 1241 1216 1301 emittens.
1295 1238 1476 1318 Igitur
1496 1239 1803 1305 cumulatas
1819 1236 2135 1316 Polycratis
2161 1233 2343 1295 felici-

185 1339 342 1391 tates
371 1330 534 1391 hunc
567 1332 824 1393 habuere
863 1332 1056 1403 finem,
1099 1330 1583 1411 quemadmodum
1622 1328 1679 1389 ei
1718 1327 1939 1389 Amasis
1968 1326 2206 1407 AEgypti
2242 1342 2347 1385 rex

186 1423 664 1485 omixutus‘erat.
1207 1462 1212 1473 ·
1320 1462 1328 1469 ·

273 1518 421 1575 126.
466 1509 650 1576 Haud
675 1533 810 1575 vero
851 1514 1030 1573 multo
1056 1524 1190 1594 post
1216 1514 1388 1573 etiam
1419 1512 1655 1573 Oroeten
1682 1510 1819 1571 dirae
1845 1511 2159 1591 Polycratis
2188 1510 2349 1569 ultri-

191 1624 296 1665 ces
341 1618 488 1667 sunt
513 1616 855 1684 persecutae.
933 1605 1086 1667 Nam
1126 1615 1354 1667 mortuo
1383 1605 1691 1683 cambyse,
1725 1603 2097 1681 regnantibus
2128 1596 2343 1681 Magis,

197 1696 488 1761 Sardibus
511 1716 750 1763 manens
778 1698 1030 1769 Oroetes,
1053 1698 1194 1757 nihil
1215 1700 1444 1776 juverat
1466 1716 1591 1771 rem
1611 1696 1932 1767 Persarum,
1952 1714 2125 1773 quum
2146 1695 2227 1753 eis
2242 1696 2349 1753 im-

117 1842 134 1851 ..
194 1789 428 1867 perium
467 1799 629 1849 esset
649 1808 686 1849 a
725 1788 920 1848 Medis
957 1788 1284 1849 ademtam:
1322 1786 1429 1847 sed
1464 1785 1523 1843 in
1557 1784 1655 1844 illa
1692 1804 1882 1845 rerum
1922 1784 2347 1863 perturbatione

203 1881 570 1943 Mitrobaten
594 1879 896 1951 interfecit,
924 1880 1198 1958 Dascylei
1213 1876 1571 1957 praefectum,
1592 1876 1687 1954 qui
1709 1874 1763 1935 ei
1776 1874 1927 1935 istud
1942 1875 2015 1933 de
2038 1875 2349 1955 Polycrate

201 1974 693 2051 exprobraverat3
747 1971 1084 2032 Mitrobatoe
1123 1971 1262 2030 item
1309 1969 1489 2027 filium
1531 1970 1863 2047 Cranaspen
1904 1966 2131 2037 occidit,
2179 1968 2351 2027 ambo

199 2074 500 2141 spectatos
526 2063 674 2122 inter
701 2050 907 2123 P'ersas
927 2062 1076 2121 viros
1097 2086 1114 2132 ς
1153 2073 1274 2121 tum
1297 2071 1355 2121 et
1381 2061 1493 2120 alia
1518 2061 1699 2119 multa
1722 2058 2052 2119 insolentius
2072 2059 2265 2139 gessit,
2284 2070 2353 2117 et

203 2154 562 2233 equitantem
603 2154 766 2215 Darii
791 2154 1074 2225 nuncium,
1115 2174 1287 2232 quum
1327 2172 1529 2231 parum
1554 2162 1720 2231 grata
1744 2152 1850 2231 ipsi
1881 2160 2073 2211 essent
2097 2171 2226 2229 ques
2253 2152 2350 2209 ille

205 2248 596 2322 nunciaverat,
638 2247 978 2307 redeuntem
1019 2244 1312 2305 collocatis
1346 2246 1404 2303 in
1445 2244 1537 2303 via
1572 2242 1989 2303 insidiatoribus
2018 2242 2352 2317 occidit,'et

209 2340 622 2404 cadaverem
643 2339 772 2418 ipso
797 2356 950 2417 equo
977 2356 1044 2397 ex
1074 2337 1365 2397 hominum
1389 2334 1701 2415 conspectu
1726 2336 1981 2396 removit.

231 2482 236 2487 .
311 2434 453 2494 127.
494 2431 702 2493 Darius
728 2450 888 2503 vero,
913 2442 1219 2509 postquam
1246 2430 1546 2507 imperium
1574 2428 1833 2499 obtinuit,
1862 2448 2058 2507 poenas
2084 2428 2355 2506 cupiebat

211 2522 283 2579 ab
329 2522 536 2583 oroete
567 2542 816 2594 sumere,
854 2540 1027 2601 quum
1061 2522 1404 2599 reliquorum
1449 2520 1699 2581 omnium
1741 2521 2078 2599 flagitiorum
2131 2541 2355 2592 caussa,

211 2620 334 2671 tum
369 2613 616 2673 maxime
641 2626 875 2697 propter
919 2614 1246 2673 Mitrobatae
1290 2618 1525 2691 ejusque
1550 2612 1650 2671 filii
1694 2614 1933 2672 caedem.
2014 2614 2111 2673 Ex
2152 2625 2355 2693 aperto

213 2714 351 2763 vero
393 2703 588 2782 copias
629 2717 834 2765 contra
880 2725 1012 2767 eum
1058 2704 1298 2765 mittere‘
1328 2719 1525 2784 parum
1570 2704 1891 2765 consultum
1937 2705 1993 2765 ei
2038 2706 2353 2777 videbatur,

213 2794 428 2873 quippe
454 2796 624 2855 rebus
661 2796 816 2855 domi
841 2797 1092 2855 nondum
1119 2797 1258 2857 satis
1291 2796 1625 2875 tranquillis,
1654 2808 1713 2855 et
1758 2796 1990 2875 irnperio
2015 2816 2220 2857 recens
2247 2798 2353 2855 ini-

215 2895 318 2957 to;
355 2894 478 2945 tum
505 2888 660 2965 quod
685 2888 1058 2965 magnamini
1083 2908 1212 2947 esse
1237 2889 1554 2967 potentiam
1585 2899 1951 2965 cognoverat,
1978 2898 2043 2947 ut
2078 2888 2172 2947 cui
2198 2889 2353 2947 mille

212 2988 426 3053 proesto
459 2989 650 3037 essent
688 2978 904 3040 Persici
931 2978 1158 3057 generis
1183 2980 1483 3049 satellitem,
1511 2979 1719 3058 quique
1746 2978 2077 3057 Phrygiam,
2102 2978 2355 3061 Lydiam

213 3079 392 3148 atque
417 3069 638 3131 Ioniam
673 3071 989 3153 provincias
1017 3070 1320 3143 obtineret,
1398 3072 1547 3137 Quae
1583 3081 1848 3148 reputans
1876 3069 2108 3141 DariuS,
2134 3070 2354 3130 hancce

213 3160 339 3219 iniit
364 3162 656 3222 rationem.
735 3164 1078 3237 Convocatis
1108 3165 1415 3223 Persarum
1443 3158 1886 3241 spectatissimis,
1910 3162 1998 3221 his
2039 3163 2227 3223 verbis
2254 3183 2357 3223 eos

216 3264 308 3313 est
333 3254 665 3315 adlocutusz
709 3262 746 3292 “
775 3255 918 3321 Quis
943 3256 1080 3315 mihi
1107 3276 1142 3315 e
1169 3256 1345 3327 vobis,
1377 3256 1593 3329 Persae,
1621 3254 1859 3333 recipiet
1882 3265 2008 3314 astu
2039 3274 2103 3333 se
2128 3255 2242 3315 hoc
2267 3256 2355 3317 ef-

216 3345 524 3417 fectiuum,
541 3366 658 3405 non
673 3346 732 3405 vi
755 3357 816 3407 et
835 3356 1175 3410 armatorum
1203 3348 1410 3407 manu?
1452 3346 1605 3406 Nam
1630 3346 1726 3404 ubi
1752 3346 2053 3425 prudentia
2078 3334 2217 3426 opus
2245 3361 2374 3423 est„

215 3435 296 3495 ibi
322 3437 438 3497 vim
465 3437 748 3499 adhibere
764 3437 842 3497 nil
869 3438 1108 3501 adtinet»
1187 3440 1453 3500 Vestrum
1478 3438 1652 3517 igitur
1680 3438 1805 3516 quis
1831 3438 1965 3497 mihi
1996 3438 2230 3499 Oroeten
2256 3452 2357 3499 aut

217 3527 408 3587 vivum
441 3528 762 3601 adduxerit,
803 3541 902 3591 aut
942 3519 1334 3591 interfecerit?
1372 3530 1471 3607 qui
1499 3528 1571 3587 de
1600 3529 1789 3589 Persis
1832 3530 2019 3593 adhuc
2044 3530 2181 3589 nihil
2207 3530 2357 3591 bene

217 3620 577 3689 meruit,.sed
605 3620 825 3699 magnis
855 3639 954 3681 eos
977 3616 1142 3680 inalis
1168 3620 1379 3680 adfecit
1395 3641 1413 3677 z
1454 3620 1549 3699 qui
1576 3631 1636 3679 et
1660 3620 1777 3679 duo
1806 3640 1839 3678 e
1865 3621 2045 3692 nobis,
2076 3621 2359 3681 Mitroba-

217 3721 320 3769 ten
337 3700 582 3789 ejusque
609 3710 803 3782 filium,
833 3711 1154 3783 trucidavit,
1185 3722 1246 3791 et
1269 3709 1509 3771 nuncios
1535 3730 1571 3770 a
1595 3731 1689 3770 me
1716 3712 1793 3773 ad
1816 3711 1975 3771 illum
2001 3713 2358 3773 evocandum

215 3802 416 3861 missos
433 3801 724 3873 interimit,
743 3802 990 3881 denique
1017 3802 1376 3863 insolentiam
1395 3801 1553 3861 nullo
1580 3803 1751 3861 modo
1777 3802 2069 3864 ferendam
2086 3814 2355 3869 ostentat.

220 3896 439 3969 Quare,
465 3894 794 3973 priusquam
819 3897 1004 3972 majus
1024 3896 1259 3979 aliquod
1280 3894 1493 3960 malum
1519 3894 1710 3963 Persis
1728 3894 1968 3971 infligat,
1990 3907 2169 3957 morte
2194 3897 2361 3957 nobis

219 3986 590 4064 ocmrpandue
609 3996 761 4046 est.”

301 4082 436 4139 128.
484 4078 620 4136 Hoc
647 4097 824 4156 quum
851 4078 1062 4137 Darius
1087 4080 1162 4137 ab
1187 4078 1294 4137 illis
1331 4078 1647 4156 quaesisset,
1684 4077 1917 4155 triginta
1941 4078 2047 4137 viri
2072 4100 2132 4139 se
2157 4080 2359 4139 offere-

215 4170 377 4239 bant,
404 4188 650 4247 quorum
670 4170 1057 4249 unusquisque
1091 4170 1423 4247 recipiebat,
1453 4170 1600 4229 velle
1639 4188 1701 4229 se
1742 4170 1926 4228 solum
1945 4189 2067 4229 rem
2094 4170 2359 4231 effectam

221 4261 379 4320 dare.
461 4262 624 4329 Quos
651 4260 796 4321 inter
821 4280 886 4321 se
913 4261 1325 4321 contendentes
1365 4260 1619 4320 cohibuit
1649 4258 1879 4337 Darius,
1906 4260 2093 4320 sortiri
2108 4261 2361 4335 jubens:

221 4353 378 4431 quod
406 4352 508 4412 ubi
544 4352 629 4410 illi
652 4351 866 4428 fecere,
903 4372 1022 4413 sors
1047 4372 1163 4432 prae
1190 4352 1449 4413 omnibus
1480 4352 1755 4428 Bagaeum
1798 4351 2063 4430 contigit,
2093 4352 2357 4412 Attontae
