2817 4792
480 283 594 360 iss
1089 298 1539 363 ΗΕιιοιιοΤι
1580 298 1920 359 ms‘ron.
1960 292 2078 354 111.

483 430 704 499 castelli
724 456 885 498 muro
915 432 1156 501 uniuersi
1183 442 1353 503 effusi
1377 442 1707 513 decurrunt,
1736 458 1945 501 navem
1966 436 2234 518 perdunt,
2260 434 2647 513 hominesque
2750 452 2752 459 ¹

489 532 570 591 in
597 522 780 593 frusta
817 532 1136 613 discerptos
1184 534 1246 593 in
1281 556 1505 595 murum
1548 535 1870 614 deportant.
1966 528 2047 590 Et
2088 528 2353 610 AEgyptii
2387 528 2648 609 quidem,

494 625 734 703 posthac
761 626 976 684 obsessi
1014 622 1459 707 oppugnatique,
1502 626 1577 686 ad
1618 636 1940 687 extremum
1973 624 2035 681 in
2078 614 2431 680 deditionem
2474 636 2651 678 vene·

489 726 642 776 runt.
725 704 971 776 Finitimi
1009 730 1202 777 autem
1229 718 1467 800 Libyes,
1500 718 1758 799 AEgypti
1784 727 1998 777 sortem
2040 714 2227 785 veriti,
2259 734 2380 773 non
2423 720 2651 772 tentato

447 860 452 863 .
497 828 781 869 armorum
795 809 1069 889 periculo
1113 831 1239 869 sese
1273 811 1650 882 tradiderunt,
1689 810 1964 869 tributum
2008 808 2231 869 solvere
2270 806 2652 885 spondenteS,

498 908 586 961 et
602 902 754 960 do‘na'
793 900 1096 960 mittentes.
1183 902 1451 961 Similiter
1494 902 1663 962 etiam
1711 898 1980 981 Cyrenaei
2022 909 2083 957 et
2124 896 2351 957 Barcaei
2385 897 2654 953 fecerunt

497 991 702 1051 eadem
747 991 1015 1051 timentes
1051 1001 1227 1071 atque
1263 993 1498 1074 Libyes.
1600 994 1721 1053 Sed
1764 990 2081 1069 Cambyses
2123 990 2379 1067 Libyum
2422 986 2653 1065 quidem

502 1080 656 1145 dona
679 1083 932 1161 benigne
960 1085 1220 1163 accepit:
1273 1098 1333 1143 at
1361 1104 1491 1164 quae
1518 1105 1554 1145 a
1580 1082 1874 1165 Cyrenaeis
1905 1092 2071 1140 erant
2097 1082 2269 1140 missa
2295 1086 2654 1159 aspernatus,

501 1186 666 1254 putu,
708 1174 862 1253 quod
905 1174 1115 1253 exigua
1142 1184 1353 1248 essent,
1390 1197 1523 1236 nam
1562 1176 1906 1254 quingentas
1933 1172 2156 1253 argenti
2182 1173 2353 1229 libras
2390 1169 2657 1228 miserant

508 1263 808 1345 Cyrenaei3
846 1265 952 1325 has
986 1266 1173 1345 igitur,
1212 1286 1318 1327 sua
1359 1287 1533 1327 manu
1561 1268 1890 1375 prehensaS‚
1930 1264 2205 1323 militibus
2233 1258 2652 1373 distribuendas

509 1356 772 1437 projecit.

595 1454 690 1509 14.
731 1448 976 1509 Decimo
1004 1448 1117 1522 die,
1149 1470 1220 1511 ex
1261 1473 1373 1533 quo
1409 1452 1469 1512 in
1506 1454 1855 1515 deditionem
1891 1460 2129 1531 *generat
2169 1446 2479 1509 castellum
2503 1442 2657 1523 ‘lu-0¹1

483 1540 798 1621 'Memphi'
825 1554 931 1613 est,
970 1562 1168 1621 regem
1210 1544 1606 1623 AEgyptiorum
1640 1544 2108 1625 Psammenitum,
2148 1540 2246 1621 qui
2289 1556 2392 1598 sex
2432 1552 2656 1594 menses

511 1640 884 1713 regnaverat,
905 1634 1218 1713 Cambyses
1257 1638 1619 1697 contumeliae
1656 1659 1857 1699 caussa
1892 1658 2024 1698 cum
2052 1634 2174 1693 aliis
2204 1629 2490 1709 AEgyptiis
2517 1626 2653 1686 resi·-

485 1728 656 1787 'dere
676 1729 849 1806 jussit
873 1728 932 1786 in
954 1728 1259 1798 suburbio;
1290 1742 1350 1790 et
1377 1732 1623 1791 animum
1652 1732 1802 1791 illius
1818 1741 2159 1796 tentaturus,
2174 1725 2359 1783 hocce
2372 1722 2561 1780 facere
2579 1719 2659 1775 in-

513 1820 716 1881 stituit.
759 1819 1142 1889 Filiamillius,
1173 1822 1358 1879 servili
1379 1824 1588 1882 vestitu
1614 1823 1889 1892 indutam,
1916 1820 2290 1901 hydriamque
2321 1822 2657 1893 gestantem,

511 1924 786 1991 aquatum
815 1910 1020 1980 emisit,
1048 1910 1326 1989 simulque
1356 1932 1490 1971 cum
1518 1934 1589 1973 ea
1606 1916 1745 1973 alias
1772 1914 2041 1996 virgines,
2070 1930 2146 1968 ex
2173 1906 2488 1987 principum
2513 1902 2657 1962 viro-

511 2020 642 2063 rum
661 2002 884 2063 filiabus
912 2003 1188 2073 delectas,
1215 2004 1417 2064 eodem
1436 2008 1595 2066 cultu
1610 2010 1844 2068 vestitas
1866 2028 1979 2085 quo
2004 2004 2153 2083 regis
2174 2000 2317 2061 filia.
2399 2003 2541 2063 Quae
2566 1996 2659 2058 ubi

510 2094 735 2175 ingenti
762 2104 894 2155 cum
917 2096 1164 2154 clamore
1193 2108 1255 2155 et
1275 2098 1489 2173 ejulatu
1516 2100 1575 2157 in
1600 2112 1826 2179 patrum
1850 2106 2216 2175 conspectum
2242 2102 2544 2159 venerunt,
2566 2108 2661 2147 -re-

495 2186 654 2266 *liqui
677 2196 886 2266 patres,
910 2186 1232 2267 conspectis
1252 2188 1506 2248 filiabus
1493 2202 1572 2249 ita
1587 2191 1794 2249 misere
1812 2186 2105 2259 adfectis,'
2090 2185 2338 2245 invicem
2360 2182 2660 2241 clamorem

516 2280 904 2356 ejulatumq'ue
932 2278 1321 2349 sustulerunt;
1360 2276 1779 2341 Psammenitus
1808 2300 1966 2351 vero,
1997 2278 2096 2337 ubi
2121 2274 2437 2355 respiciens
2456 2290 2661 2351 cogno·

514 2370 618 2441 vit,
640 2370 698 2428 in
725 2382 936 2429 terram
963 2366 1168 2430 defixit
1194 2326 1408 2432 oculos.
1493 2372 1805 2452 Postquam
1832 2355 2235 2452 praeteriissent
2261 2366 2469 2447 puellae
2496 2380 2661 2443 aqua-
2682 2398 2687 2405 ·

517 2473 644 2523 tum
669 2462 874 2532 missoe,
913 2460 1166 2521 secundo
1205 2462 1334 2522 loco
1369 2462 1544 2524 filium
1572 2466 1747 2545 regis,
1780 2484 1912 2524 cum
1948 2462 2072 2523 aliis
2097 2460 2187 2521 bis
2212 2458 2369 2517 mille
2410 2456 2659 2535 ejusdem

519 2554 704 2614 oetati‘s
726 2554 1004 2634 AEgyptiis
1025 2564 1237 2631 praeter
1252 2557 1402 2634 regis
1420 2559 1621 2617 oculos
1645 2556 1775 2616 duci
1792 2557 1975 2633 jussit,
1990 2554 2128 2614 fune
2148 2553 2365 2612 circum
2385 2549 2659 2609 cervicem

517 2648 754 2717 vinctos,
785 2656 846 2706 et
889 2640 987 2705 ora
1010 2645 1188 2705 frenis
1231 2650 1532 2712 coercitos.
1614 2650 1993 2709 Ducebantur
2018 2658 2208 2708 autem
2250 2644 2312 2701 hi
2348 2644 2449 2713 ita,
2475 2658 2659 2720 poeuas

517 2740 714 2799 luituri
741 2737 1086 2819 Mitylenoeis
1112 2738 1243 2812 illis,
1265 2741 1360 2818 qui
1391 2742 1653 2845 Memphi
1674 2762 1805 2801 cum
1823 2741 1952 2801 navi
1974 2741 2302 2820 perierant:
2342 2736 2497 2795 hanc
2517 2730 2659 2791 enim

519 2831 863 2893 sententiam
907 2830 1429 2910 pronunciaverant
1470 2834 1608 2911 regii
1636 2833 1881 2911 judices,
1924 2844 1990 2891 ut
2029 2852 2131 2912 pro
2170 2846 2513 2907 unoquoque
2548 2823 2660 2881 viro

523 2924 731 2984 decem
773 2922 1028 3001 AEgyptii
1069 2928 1142 2981 ex
1175 2922 1496 3003 principum
1537 2946 1774 2986 numero
1812 2926 2055 2984 invicem
2083 2923 2359 3003 perirent.
2433 2918 2527 2993 Ει
2551 2902 2658 2994 ille,

523 3016 694 3077 etiam
718 3014 825 3074 hos
853 3026 1265 3094 praetereuntes
1291 3016 1510 3091 videns,
1538 3020 1713 3097 quum
1757 3018 1831 3077 ad
1860 3027 2101 3075 mortem
2128 3014 2263 3073 duci
2299 3012 2478 3071 filium
2507 3026 2662 3069 suum

521 3106 884 3184 intelligeret,
912 3106 1145 3187 reliquis
1175 3108 1601 3186 AEgyptiiS‚'qui
1629 3108 1845 3167 circum'
1881 3107 2038 3165 illum
2065 3104 2365 3174 sedebant,
2400 3100 2662 3161 flentibus

524 3212 584 3259 et
611 3199 1068 3271 lamentantibus,
1107 3200 1260 3259 idem
1277 3202 1430 3269 ,fecit
1456 3202 1613 3280 quod
1640 3201 1699 3259 in
1725 3201 1841 3259 filia
1876 3201 2116 3260 fecerat.
2196 3196 2471 3273 Denique
2498 3208 2665 3271 quum

525 3298 586 3349 et
603 3288 664 3349 hi
687 3291 1102 3370 praeteriissent,
1134 3291 1350 3351 accidit
1378 3302 1441 3351 ut
1463 3293 1637 3353 homo
1663 3304 1803 3352 natu
1832 3290 2117 3371 grandior,
2144 3290 2241 3368 qui
2267 3296 2567 3365 compotor
2587 3292 2665 3341 re'-

525 3381 610 3462 gis
637 3380 770 3439 olim
798 3382 1004 3452 fuerat,
1028 3402 1184 3465 nunc
1212 3402 1348 3443 vero
1373 3384 1538 3443 bonis
1567 3385 1826 3443 omnibus
1853 3382 2159 3453 exciderat,
2188 3401 2300 3441 nec
2323 3378 2487 3438 aliud
2513 3372 2664 3455 quid-

525 3480 719 3553 qu'at‘n,
715 3472 844 3530 nisi
871 3458 1145 3551 quantuni
1171 3474 1487 3547 mendicus,
1514 3476 1787 3548 habebat,
1815 3482 1986 3553 atque
2020 3474 2164 3533 adeo
2192 3472 2395 3551 stipem
2424 3490 2461 3528 a
2487 3464 2663 3526 militi-

515 3567 634 3625 bu's
673 3564 940 3643 rogabat,
987 3565 1309 3643 praeteriret
1351 3578 1562 3645 praeter
1606 3566 2078 3638 Psammenitum‚
2129 3561 2453 3625 Amasidis·
2474 3560 2660 3624 filium,

529 3656 946 3736 AEgy'ptiosque
984 3655 1079 3739 qui
1106 3656 1164 3714 in
1201 3658 1473 3718 suburbio
1519 3658 1818 3719 sedebant.
1902 3658 2082 3731 Hunc
2126 3656 2222 3716 ubi
2258 3650 2665 3713 Psammenitus

527 3749 843 3829 conspexit,
863 3749 1162 3825 ingentem
1167 3749 1228 3805 in
1247 3750 1445 3809 fletum
1469 3754 1676 3830 erupit,
1700 3764 1758 3811 et
1776 3751 2005 3810 nomine
2035 3747 2383 3828 compellans
2400 3742 2665 3809 sodalem,

529 3852 700 3921 caput
727 3841 831 3900 sibi
857 3839 1095 3919 planxit.
1141 3828 1322 3901 Erant
1343 3854 1537 3903 autem
1556 3844 1639 3903 illi
1669 3845 1939 3904 custodes
1967 3841 2230 3922 adpositi,
2252 3840 2371 3920 qui,
2399 3832 2667 3918 quidquid
2715 3846 2726 3855 '

527 3952 756 4015 quaque
796 3942 1180 4014 proetereunte
1205 3952 1415 4014 pompa
1449 3935 1691 4005 faceret,
1738 3937 2127 4005 observarent,
2146 3940 2229 3991 et
2273 3928 2665 3990 renunciarent

527 4024 823 4119 cambysi.
901 4024 1152 4084 Miratus
1179 4024 1353 4105 igitur
1382 4028 1699 4107 Cambyses
1727 4048 1855 4106 quae
1881 4027 1977 4086 ill'e
2005 4026 2246 4095 fecerat,
2268 4022 2440 4082 misso
2446 4016 2665 4079 n’uncio

525 4104 898 4197 interrogavit
934 4133 1080 4175 eum
1095 4117 1183 4177 his
1218 4116 1447 4177 verbis.
1489 4119 1845 4179 “Dominus
1880 4096 2233 4197 Cambyses
2248 4126 2335 4175 ex·
2362 4124 2422 4173 te
2452 4108 2662 4191 quaerit,¹

525 4205 930 4279 Psammenite,
951 4206 1091 4287 quid
1117 4210 1191 4271 sit
1206 4211 1360 4289 quod
1391 4222 1703 4289 conspecta
1720 4210 1837 4269 filia
1853 4222 1951 4269 tua
1977 4210 2127 4267 male
2146 4208 2402 4277 adfecta,
2433 4204 2664 4277 itemque

528 4311 834 4381 conspecto
859 4298 978 4363 filio
1007 4299 1110 4359 ad
1123 4302 1467 4381 supplicium
1483 4302 1855 4381 prodeunte,
1868 4320 1977 4361 nec
2004 4302 2310 4361 clamorem
2338 4314 2449 4355 nec
2482 4292 2663 4357 fletum

523 4392 750 4457 edidisti
767 4419 784 4466 ς
809 4392 1140 4455 mendicum
1155 4411 1292 4459 vero
1313 4396 1493 4468 illum,
1513 4394 1651 4454 nihil
1668 4395 1742 4456 ad
1768 4405 1829 4454 te
1847 4392 2246 4474 pertinentem,
2268 4398 2332 4449 ut
2346 4388 2584 4473 quidem
2603 4398 2663 4442 ex
