2817 4792
970 329 1595 396 TERPSICHORE.
1955 312 1959 318 ’
2165 380 2170 384 .
2253 337 2374 400 279

168 459 435 521 iliadem
467 459 729 519 habitant
760 472 995 536 terram,
1024 471 1083 518 et
1112 459 1426 539 Gergithas
1467 460 1716 539 subegit,
1757 461 2076 542 priscorum
2121 457 2380 520 Teucro-

177 573 321 611 rum
344 553 635 654 reliquias.
678 552 807 611 At
790 571 915 630 ipse
945 552 1236 632 HymeaS,
1266 553 1400 612 dum
1419 554 1536 644 hos
1564 556 1808 654 populos
1837 553 2110 634 subigit,
2093 575 2154 612 m
2181 555 2382 613 morbo

176 643 437 703 moritur
464 644 521 701 in
552 643 804 702 Troade.

268 739 416 796 128.
458 735 540 793 Et
560 736 657 794 hic
686 735 920 814 quidem
940 733 1022 796 illi
1044 736 1171 796 finis
1194 736 1343 796 furt:
1386 738 1741 817 Artapherni
1761 757 1916 809 vero,
1947 737 2210 797 Sardium
2233 759 2384 817 prae-

179 830 373 900 fecto,
406 840 467 888 et
488 828 686 899 Omni,
716 829 889 887 tertio
916 829 1053 889 duci
1082 829 1405 901 Persarum,
1430 832 1760 890 mandatum
1792 842 1918 890 erat
1933 830 2160 890 bellum
2201 831 2386 890 loniae

180 933 251 981 et
278 920 545 979 finitimae
574 919 787 979 AEolidi
810 939 847 980 a
867 921 1199 980 continente
1225 921 1610 982 inferendum.
1691 919 1890 1003 Atque
1909 922 1971 982 hi
2000 921 2383 983 Clazomenas

182 1012 381 1073 Ionioe
404 1023 701 1091 ceperunt,
723 1023 784 1072 et
808 1013 1034 1091 Cymen
1064 1013 1331 1078 AEolidis.
2091 1028 2097 1040 ·

276 1109 423 1167 124.
464 1105 557 1164 Ita
578 1105 717 1164 dum
742 1105 1047 1182 capiuntur
1073 1099 1311 1184 oppida,
1334 1105 1706 1185 Aristagoras
1725 1099 1992 1166 Milesius
2011 1105 2140 1166 haec
2163 1104 2386 1178 videnti,

186 1199 380 1258 homo
410 1199 609 1277 paru'm
638 1197 759 1256 acri
784 1203 872 1271 (ut
898 1197 1165 1276 adparet)
1192 1197 1448 1276 ingenio,
1476 1199 1574 1278 qui
1602 1199 1826 1258 Ioniam
1853 1198 2242 1258 concitaverat
2269 1217 2390 1256 ma-

188 1310 463 1370 gnasque
504 1289 811 1349 miscuerat
839 1290 1054 1361 turbas,
1083 1289 1284 1368 fugam
1326 1291 1603 1369 agitabat,
1635 1291 1772 1350 satis
1799 1290 2012 1370 quippe
2055 1289 2384 1366 intelligens

192 1383 467 1462 superari
494 1382 741 1441 Darium
757 1399 959 1458 regem
978 1399 1097 1439 non
1121 1401 1310 1461 posse.
1356 1382 1498 1442 Hoc
1519 1382 1777 1452 consilio,
1799 1381 2132 1441 convocatis
2153 1399 2388 1440 suarum

192 1475 452 1558 partium
479 1473 823 1543 hominibus,
854 1466 1333 1532 deliberationem
1369 1471 1684 1551 proposuit,
1715 1472 1936 1542 dicens,
1963 1471 2387 1530 “commodum

193 1573 339 1654 ipsis
360 1572 517 1642 fore,
538 1581 762 1644 certum
782 1571 1003 1630 habere
1024 1570 1347 1648 refugium,
1371 1569 1422 1629 si
1449 1569 1660 1629 Mileto
1686 1569 2074 1648 pellerentur}
2097 1599 2102 1607 «
2125 1578 2386 1646 quaerere

194 1685 265 1730 se
282 1665 574 1743 igiturex
598 1664 701 1734 eis,
729 1671 923 1725 utrum
960 1663 1077 1724 hoc
1097 1682 1193 1722 »ex
1216 1663 1349 1722 loco
1388 1663 1450 1720 in
1470 1661 1802 1722 Sardiniam
1829 1677 1880 1720 a·
1906 1680 1971 1720 se
1988 1660 2056 1720 in
2099 1659 2389 1719 coloniam

194 1758 423 1820 vellent
468 1756 629 1828 duci,
656 1777 751 1818 an
768 1757 829 1814 in
872 1755 1209 1836 Myrcinum
1248 1750 1608 1826 Edonorum,
1653 1755 1906 1815 Histiaeo
1945 1773 1982 1813 a
2023 1754 2203 1816 Dario
2232 1753 2389 1815 dono

198 1851 429 1922 datum,
458 1861 518 1910 et
533 1851 602 1908 in
628 1849 903 1929 oppidum
929 1849 1007 1908 1bi
1036 1849 1109 1910 ab
1140 1847 1389 1908 Histiaeo
1418 1845 1751 1907 munituml'
2221 1885 2244 1892 --

234 1947 430 2006 ·.125
492 1943 627 2003 Jam
678 1941 1024 2002 Hecataeus
1047 1940 1305 2020 quidem,
1355 1939 1728 2018 Hegesandri
1774 1938 1945 2008 filius,
1970 1936 2389 1998 Historiarum

203 2038 485 2118 scriptor,
493 2031 565 2094 in
580 2046 851 2096 neutrum
868 2035 1074 2094 horum
1094 2034 1354 2094 locorum
1375 2033 1705 2093 abeundum
1729 2031 1992 2101 censm’t3
2014 2029 2166 2092 sed
2151 2049 2210 2088 m
2229 2028 2388 2088 Lero

202 2131 401 2192 insula
425 2129 645 2188 dehere
664 2126 963 2188 castellum
986 2125 1209 2186 munire
1236 2125 1655 2203 Aristagoram,
1681 2123 1894 2202 ibique,
1915 2123 1968 2180 si
1995 2121 2207 2180 Mileto
2216 2119 2392 2180 exci

204 2225 401 2294 deret,
420 2221 675 2301 quietum
696 2239 760 2279 se
781 2229 1002 2289 tenere,
1026 2218 1217 2278 donec
1234 2217 1458 2297 impetu
1478 2217 1615 2276 inde
1636 2215 1796 2276 facto
1825 2209 2096 2275 Miletum
2125 2225 2390 2293 repetere

204 2317 432 2396 posset.
515 2311 957 2373 Hoc-Hecataei
986 2311 1095 2371 fuit
1116 2310 1432 2372 consilium.
2073 2329 2078 2338 ·

292 2411 433 2469 126.
474 2406 611 2486 Ipse
638 2424 777 2464 vero
798 2403 1165 2481 ‘Aristagoras
1192 2422 1265 2464 eo
1296 2399 1556 2464 maxime
1589 2400 1923 2472 inclinabat,
1952 2410 2019 2460 ut
2060 2399 2392 2479 Myr-einum

196 2495 420 2562 'abii-et.
463 2499 670 2578 ltaque
698 2497 911 2556 Mileto
942 2495 1295 2575 Pythagorae
1312 2493 1452 2554 fidei
1471 2493 1795 2562 commissa,
1817 2491 2044 2570 probati
2063 2491 2216 2550 inter
2241 2493 2396 2552 cives

204 2596 342 2703 viri?
368 2595 518 2674 ipse,
546 2611 747 2658 secum
773 2600 964 2650 sumto
991 2588 1339 2668 quicumque
1359 2586 1655 2656 voluisset,
1661 2585 1734 2654 in
1755 2583 2064 2646 Thraciam
2085 2583 2395 2662 navigavit,

208 2684 639 2768 regionemque
656 2703 829 2764 quam
850 2681 1101 2768 petierat
1128 2678 1331 2740 tenuit.
1410 2678 1561 2738 Inde
1603 2697 1744 2736 vero
1783 2695 2138 2755 progressus,
2159 2675 2398 2736 interfe-

210 2793 345 2842 ctus
370 2788 463 2838 est
476 2797 513 2838 a
530 2777 855 2838 Thracibus
877 2787 937 2835 et
956 2775 1101 2853 ipse,
1116 2785 1177 2835 et
1192 2772 1492 2833 exercitus
1510 2769 1664 2847 ejus,
1683 2789 1860 2850 quum
1873 2767 2146 2847 oppidum
2163 2767 2398 2844 aliquod

210 2874 515 2934 obsideret
532 2869 789 3010 rejectis
826 2867 1271 2985 conditionibus,
1313 2865 1522 2945 quibus
1564 2863 1818 2926 Thraces
1857 2860 2142 2924 excedere
2169 2859 2396 2942 oppido
2464 2912 2474 2921 ,

210 2967 569 3028 voluerant.-
1030 3005 1035 3010 -

992 3566 1176 3612 rims
1219 3563 1407 3608 mem
1451 3539 1728 3612 cunin:
