2817 4792
1046 259 1608 324 MELPOMENE.
1907 259 1917 264 ’
2207 281 2216 291 ’
2273 264 2382 329 191

106 405 117 414 “
180 388 397 471 igitur
420 401 679 462 cunctos,
700 391 969 472 exeeptis
998 391 1426 472 Hyperboreis,
1440 393 1608 452 initio
1625 364 1791 452 facto
1813 393 1886 452 ab
1915 393 2254 474 Arimaspis,
2273 399 2394 456 bel·

178 483 335 540 lum
374 493 705 542 constanter
742 481 959 546 inferre
984 482 1273 542 finitimis.
1316 495 1377 542 et
1420 485 1492 542 ab
1524 483 1846 562 Arimaspis
1885 484 2146 562 quidem
2139 480 2392 546 sedibus

182 574 331 634 suis
356 575 497 654 pelli
523 574 853 672 Issetlonas,
884 577 957 636 ab
988 574 1365 656 Issedonibus
1390 595 1528 635 vero
1557 576 1834 655 Scythas3
1865 575 2204 637 Cimmerios
2226 579 2390 652 -ve'ro,

182 665 281 725 ad
302 667 569 727 australe
590 665 750 738 ma're
770 666 1116 740 habitantes,
1144 685 1375 746 pressos
1394 687 1432 727 a
1455 667 1704 764 Scythis,
1732 679 1946 728 terram
1971 688 2134 729 suam
2155 670 2390 729 deseru-

185 757 349 818 isse.
418 757 528 818 It'a
552 777 628 816 ne
656 758 793 818 huic
819 759 1053 838 quidem
1082 760 1158 818 de
1184 759 1315 820 hac·
1312 761 1576 838 regione
1591 759 1862 822 convenit
1890 781 2020 822 cum
2051 761 2361 842 Scythis.

287 855 392 910 14.
436 852 590 917 Quae
613 849 797 930 patria
817 851 1193 930 fueritqhujiis
1220 853 1489 927 Aristeae,
1521 853 1620 930 qui
1645 853 1756 913 ista
1779 850 2048 912 versibus
2065 853 2399 932 descripsit,
2441 845 2444 850 ’

190 941 439 1002 dictum
470 954 561 1002 est
578 966 597 1000 ι
639 943 1103 1002 commemorabo
1140 962 1279 1002 vero
1306 943 1590 1020 etiamid,
1621 941 1779 1023 quo'd
1806 945 1882 1004 de
1921 944 2130 1003 eodem
2159 943 2217 1002 in
2243 939 2390 1014 Pro-

190 1053 469 1094 conneso
494 1035 1117 1138 etcyzieonarr'atum
1138 1035 1349 1096 audivi.
1393 1035 1710 1108 Aristeam,
1737 1031 1989 1106 narrant,
2011 1031 2154 1094 nulli
2177 1035 2386 1094 civium

188 1123 517 1184 nobilitate
537 1126 767 1203 generis
790 1119 1129 1196 secundum,
1152 1146 1329 1204 quum
1345 1125 1614 1184 fullonis
1597 1123 1885 1206 ingressus
1913 1123 2066 1186 esset
2071 1122 2387 1200 officinam,
2437 1121 2444 1128 '

190 1219 431 1278 ibidem
456 1217 748 1279 mortuum
789 1239 951 1289 esse3
966 1229 1043 1280 et
1078 1217 1378 1296 fullonem,
1406 1217 1645 1278 occlusa
1669 1219 1917 1293 officina,
1937 1219 2013 1278 ad
2037 1215 2392 1313 propinquos

190 1310 427 1374 mortui
451 1311 791 1390 perrexisse,
818 1328 941 1370 rem
961 1310 1381 1370 nunciaturum.
1464 1313 1776 1404 Quumque
1793 1317 1924 1388 jam
1943 1331 2148 1372 rumor
2162 1305 2396 1392 pervuls

195 1413 387 1481 gatus
415 1414 571 1463 esset
594 1422 699 1481 per
739 1404 967 1475 urbem,
991 1411 1259 1460 mortuum
1298 1422 1409 1460 esse
1455 1399 1773 1472 Aristeam3
1813 1395 2258 1464 controversiam
2293 1404 2384 1463 his
2475 1441 2482 1452 -

194 1493 307 1572 qui
335 1493 400 1552 id
430 1495 701 1554 dicebant
727 1495 973 1554 movisse
1003 1494 1187 1554 civem
1218 1493 1596 1574 Cyzicenum,
1631 1513 1705 1554 ex
1731 1496 1957 1556 Artaca
1984 1497 2201 1575 oppido
2225 1498 2388 1557 veni-

200 1597 434 1658 entem,
470 1585 983 1691 adfirmantemque
1010 1587 1221 1644 obviam
1244 1606 1303 1644 se
1345 1585 1429 1643 illi
1468 1587 1671 1645 venisse
1703 1585 1966 1662 Cyzicu‘m
2003 1608 2190 1648 versus
2213 1594 2382 1664 eunti,

198 1698 333 1738 cum
358 1679 523 1755 eoque
546 1698 811 1749 sermones
836 1679 1127 1738 miscuisse.
1209 1676 1369 1736 Dum
1396 1675 1494 1735 hic
1517 1677 1614 1744 ita
1636 1697 1768 1736 cum
1797 1675 2167 1740 contentione
2197 1683 2384 1743 disce-

199 1780 355 1850 ptat,
386 1770 616 1830 interim
633 1770 987 1850 propinquos
1012 1768 1219 1830 mortui
1226 1767 1317 1830 ad
1330 1767 1568 1828 fullonis
1585 1764 1841 1828 adfuisse
1863 1762 2162 1844 officinam,
2183 1793 2385 1834 secum
2442 1843 2450 1851 Χ

200 1861 551 1930 adferentes
572 1881 703 1940 quae
730 1863 867 1922 usui
878 1871 1073 1922 essent
1100 1861 1178 1922 ad
1201 1859 1520 1933 tollendum
1543 1872 1862 1940 mortuum.
1889 1863 1994 1922 sed
2022 1859 2244 1952 aperto
2241 1884 2384 1924 con-

204 1955 387 2025 clavi,
418 1973 531 2014 nec
570 1965 854 2014 mortuum
897 1955 1209 2024 Aristeam,
1236 1971 1349 2012 nec
1385 1951 1599 2024 vivum,
1629 1951 2038 2032 comparuisse.
2123 1934 2394 2035 Septimo

201 2066 351 2106 vero
388 2057 541 2124 post
538 2065 701 2106 anno
740 2063 935 2106 rursus
962 2047 1392 2106 Proconnesum
1421 2044 1660 2117 venisse,
1692 2055 1753 2103 et
1783 2063 2018 2106 carmen
2057 2045 2221 2106 illud·
2227 2067 2390 2108 com·

202 2139 493 2218 posuisse,
522 2135 681 2216 qu'od
708 2159 743 2198 a
770 2139 999 2200 Graecis
1022 2156 1179 2206 nunc
1204 2134 1553 2216 Arimaspea
1577 2133 1950 2198 nominatur.
1990 2149 2122 2218 post
2143 2127 2204 2199 id
2229 2131 2380 2203 tem-

205 2249 323 2308 pus
342 2227 548 2290 autem
582 2225 805 2290 iterum
830 2250 865 2300 e
902 2239 1221 2309 conspectu
1263 2227 1561 2288 hominum
1603 2230 1922 2290 evanuisse.
1951 2233 2130 2292 Ista
2151 2221 2385 2312 quidem
2477 2275 2481 2278 «

212 2334 457 2385 narrant
483 2322 598 2382 illae
624 2322 909 2388 civitatee.

292 2419 393 2476 15.
434 2411 577 2474 Hoc
601 2433 741 2474 vero
780 2415 903 2475 scio
924 2415 1360 2508 Metapontinis
1398 2420 1463 2479 in
1502 2417 1672 2478 Italia
1709 2417 2010 2489 accidisse,
2039 2435 2192 2480 anno
2229 2429 2397 2499 post-

200 2525 411 2586 quam·
406 2507 632 2566 iterum
659 2501 967 2567 evanuerat
994 2499 1254 2570 Aristeas
1280 2509 1696 2570 trecentesimo
1707 2501 2168 2596 quadragesimo,-
2190 2533 2390 2598 quem-

210 2597 543 2659 admodum
552 2597 907 2657 conferendo
925 2600 1079 2677 quse
1106 2611 1168 2659 et
1211 2597 1572 2660 Proconnesi
1609 2607 1671 2656 et
1714 2598 2044 2680 Metaponti
2084 2603 2392 2662 narrantur'

212 2681 431 2772 reperi.'
500 2690 699 2750 Aiunt
726 2681 1133 2770 Metapontini,
1165 2691 1452 2753 Aristeam
1477 2691 1586 2750 sibi
1624 2709 1730 2749 sua
1765 2689 1827 2749 in
1853 2701 2010 2750 terra
2037 2677 2386 2770 adparuisse,

207 2784 569 2878 jussisseque
592 2783 763 2864 ipsos
802 2803 961 2844 aram
1010 2777 1263 2846 statuere
1312 2783 1593 2864 Apollini,
1634 2791 1696 2841 et
1741 2792 2002 2843 statuam
2019 2788 2194 2858 juxta
2229 2785 2397 2845 illam·

216 2897 386 2938 aram
401 2893 644 2957 ponere,
666 2897 799 2956 quoe
825 2877 1214 2938 nominaretur
1227 2875 1497 2936 Aristeoe
1505 2875 1870 2935 Proconnesii.
1953 2875 2187 2935 Dixisse
2211 2877 2390 2951 enim,
2501 2954 2506 2960 Ι

214 2970 273 3028 in
296 2971 513 3028 solam'
490 2979 745 3046 tp'sorum,
774 2989 839 3029 ea*
862 2959 1105 3030 omnibus
1131 2971 1175 3029 I
1172 2970 1403 3041 talwtts,
1431 2969 1700 3047 regionem
1727 2967 1931 3024 venisse
1955 2953 2292 3054 Apollinem5
2332 2976 2390 3052 et

216 3081 291 3132 se,
320 3062 417 3138 qui
460 3081 598 3120 nunc
624 3062 892 3128 Aristeas
929 3063 1025 3134 sit,
1054 3063 1217 3121 illum
1265 3081 1378 3120 esse
1413 3057 1763 3126 comitatum
1784 3047 1972 3136 fuisse
2014 3066 2194 3116 autem
2239 3045 2386 3132 tunc,

217 3171 378 3228 quum
404 3153 558 3212 illum
583 3161 925 3230 sequeretur,
942 3173 1176 3213 corvum.
1259 3151 1389 3213 His
1399 3150 1592 3222 dictis,
1625 3149 1786 3208 illum
1814 3148 2132 3210 evanuisse.
2213 3151 2390 3212 Aiunt

218 3254 413 3306 autem
443 3244 851 3324 Metapontini,
896 3263 959 3304 se
1006 3246 1271 3325 Delphos
1300 3243 1520 3304 misisse
1547 3241 1647 3320 qui
1688 3241 2050 3302 consulerent
2075 3244 2388 3316 oraculum,

230 3331 517 3412 quodnam
534 3339 672 3396 illud
710 3347 847 3396 esset
872 3339 1095 3396 hominis
1118 3347 1429 3415 spectrum?
1471 3333 1952 3414 respondisseque
1982 3325 2266 3414 Pythiam,
2289 3357 2392 3416 pa-

122 3450 134 3454 ·
219 3432 445 3489 rendum
470 3419 581 3490 esse
606 3431 811 3506 spectri
832 3431 1135 3499 mandatis3
1176 3433 1238 3490 id
1267 3432 1316 3490 si
1339 3417 1632 3510 fecissent,
1663 3429 1786 3484 bene
1829 3427 1906 3484 eis
1937 3447 2224 3489 cessurum.
2311 3429 2390 3488 Se

219 3519 419 3598 igitur,
444 3532 690 3600 accepto
710 3522 825 3580 hoc
852 3511 1145 3601 responsu,
1170 3511 1476 3582 exsecutos
1505 3539 1630 3578 esse
1651 3519 1942 3578 mandata.
2014 3521 2218 3600 Atque
2243 3539 2395 3580 nunc

220 3622 339 3678 stat
377 3613 768 3692 Metapontii
752 3633 813 3672 ιιι
836 3613 965 3672 foro
990 3625 1202 3684 statua,
1233 3633 1405 3693 quam
1436 3613 1669 3670 Aristeas
1702 3619 1944 3670 statuam
1967 3625 2200 3686 vocant,
2217 3618 2392 3704 juxta
2429 3603 2433 3608 “

220 3701 403 3780 ipsam
422 3703 709 3792 Apollinis
724 3695 973 3764 statuam
992 3706 1293 3776 collocata,
1313 3716 1373 3764 et
1386 3703 1534 3762 lauri
1559 3702 1794 3762 arbores
1821 3702 1979 3762 illam
2001 3701 2390 3808 circumstant.

178 3866 183 3872 ,
226 3795 344 3856 Sed
371 3797 501 3856 hsec
520 3797 597 3857 de
626 3797 861 3858 Aristea
886 3798 1167 3860 hactenus
1195 3799 1355 3860 dicta
1380 3807 1572 3857 sunto.

226 3923 231 3928 ·
303 3894 404 3950 16.
447 3889 753 3949 Rnemun
781 3909 871 3962 ea,
900 3891 977 3949 de
1002 3911 1119 3969 qua
1141 3892 1296 3950 hunc
1320 3907 1645 3958 sermonem
1673 3887 1866 3946 faeere
1893 3889 2126 3958 institui,
2158 3889 2298 3974 quid
2315 3890 2392 3950 sit

224 3987 471 4059 superne
490 3981 748 4076 ulterius,
778 4001 950 4042 nemo
976 3982 1254 4042 adcurate
1281 3981 1482 4042 novit.
1541 3979 1852 4038 Neminem
1879 3980 2114 4060 quippe,
2151 3983 2246 4062 qui
2273 3982 2392 4064 suis

224 4071 282 4130 id
301 4073 489 4134 oculis
514 4068 879 4162 conspexisse
890 4073 1252 4146 adfirmaret,
1258 4061 1437 4154 potui
1464 4071 1754 4151 reperire:
1785 4071 1996 4129 etenim
2025 4093 2100 4132 ne
2129 4073 2392 4136 Aristeas

226 4164 479 4240 quidem,
508 4169 673 4244 eujus
698 4166 875 4226 modo
904 4166 1257 4259 mentionem
1280 4166 1418 4238 feci,
1439 4184 1514 4224 ne
1541 4164 1634 4222 hic
1661 4160 1892 4240 quidem
1919 4163 2070 4223 ultra
2091 4164 2391 4224 Issedonas'

230 4257 511 4332 pervenit,
546 4269 613 4318 ut
640 4258 695 4316 in
726 4239 991 4318 carmine
1009 4277 1118 4318 suo
1147 4259 1271 4337 ipse
1298 4258 1632 4337 profitetur3
1675 4253 1799 4324 sed,
1826 4273 1954 4331 quae
1982 4244 2056 4313 de
2095 4255 2178 4314 eis
2199 4267 2394 4316 narrat

228 4351 323 4425 qui
350 4371 525 4430 supra
550 4353 657 4413 hos
684 4340 964 4425 habitant,
995 4371 1065 4412 ea
1092 4336 1271 4441 fando
1306 4359 1554 4428 accepta
1587 4345 1854 4416 narravit,
1885 4331 2078 4410 dicens
2111 4345 2394 4406 Issedoha's
2421 4370 2428 4378 ·
