2817 4792
968 319 1499 381 POLYMNIA.
1641 383 1649 389 ,,
2219 307 2332 380 ssi

174 465 329 507 mm
356 445 800 521 Perinthiorum,
827 447 923 509 alii
950 449 1275 525 Doriscum,
1303 451 1398 514 alii
1435 445 1698 522 Eionem,
1727 469 1857 530 quae
1883 466 2062 554 super
2095 437 2358 528 Strymo:

169 559 332 599 nem
361 551 469 611 est,
494 541 630 601 alii
614 555 674 600 ιιι
696 541 1102 608 Macedoniam
1128 543 1442 604 convehere
1467 553 1817 606 commeatus
1831 541 1992 638 jussi.

264 637 373 693 26.
416 633 501 691 Ηί
518 632 679 691 dum
676 651 815 712 opus
832 631 1170 712 imperatum
1188 635 1596 714 exsequuntur,
1622 623 1840 692 interim
1865 631 2099 692 coactus
2118 619 2344 690 univer-

172 743 295 784 sus
324 725 589 800 pedestris
612 728 879 784 exercitus
906 745 1020 785 una
1046 745 1177 786 cum
1218 725 1416 786 Xerxe
1452 727 1562 785 iter
1592 725 1802 786 Sardes
1841 744 2038 784 versus
2063 719 2358 802 ingressus*

178 825 315 886 est,
340 814 589 874 Critallis
615 817 933 894 profectuS,
962 817 1349 897 Cappadociae
1370 817 1586 897 oppido
1606 841 1623 876 z
1664 835 1735 876 eo
1763 817 1910 876 enim
1932 815 2184 891 edictum
2224 823 2356 890 erat·

178 921 261 966 ut
294 907 667 967 convenirent
694 908 879 987 copiae
906 928 1123 980 omnes,
1148 929 1277 988 quae
1303 928 1410 989 per
1436 909 1824 968 continentem
1853 927 1982 967 cum
2008 907 2140 988 ipso'
2158 905 2354 965 Xerxe

182 1010 369 1060 erant
395 999 579 1059 iturae.
656 1001 813 1071 Jam,
842 1002 970 1081 quis
994 1001 1170 1062 fuerit
1208 1001 1608 1082 proefectorum
1633 1001 1728 1080 qui
1757 1000 1968 1079 optime
2010 995 2358 1068 instructum*

186 1088 516 1152 adduxerit
556 1093 885 1163 exercitum,
912 1093 1175 1174 adeoque
1214 1113 1455 1154 munera
1487 1093 1780 1172 acceperit
1803 1110 1840 1151 a
1868 1111 2007 1170 rege
2043 1091 2356 1174 proposita,

188 1183 385 1243 edere
410 1203 525 1242 non
553 1189 816 1263 possum:
857 1203 991 1244 nam
1016 1203 1093 1243 ne
1118 1184 1301 1264 liquet
1328 1185 1466 1244 mihi
1491 1185 1748 1264 quidem,
1771 1203 1845 1242 au
1866 1184 2096 1243 omniuo
2121 1179 2179 1240 in
2201 1179 2356 1260 judi-¹

188 1275 358 1334 cium
378 1290 453 1334 ea
476 1293 569 1334 res
589 1275 823 1334 venerit.
910 1275 1241 1335 Exercitus
1231 1295 1406 1354 vero,
1417 1286 1716 1356 postquam
1740 1281 1977 1351 trajecto
1997 1273 2157 1354 Haly
2184 1269 2358 1331 fluvid

190 1365 521 1446 Phrygiam
541 1366 785 1436 intravit,
802 1385 907 1446 per
932 1387 1059 1428 eam
1082 1367 1195 1426 iter
1208 1367 1429 1428 faciens
1447 1367 1709 1428 Celaenas
1727 1367 2022 1448 pervenit·
2048 1365 2146 1425 ubi
2167 1365 2360 1427 fontes

193 1457 471 1517 oriuntur
496 1457 801 1529 Maeandri,
830 1469 893 1518 et
917 1458 1059 1519 alius
1084 1459 1241 1518 fluvii
1268 1477 1381 1518 non
1409 1458 1640 1530 minoris
1681 1459 2003 1529 Maeandro,
2033 1458 2126 1517 cui
2151 1441 2362 1516 nornen

198 1559 303 1608 est
344 1549 772 1620 catarrhacteS,
799 1551 897 1656 qui
932 1569 1007 1610 ex
1038 1551 1167 1631 ipso
1210 1549 1337 1610 foro·
1366 1549 1725 1611 Celaenarum
1765 1560 2019 1621 exortuS,
2043 1548 2104 1607 in
2121 1551 2362 1608 Maean-

198 1642 381 1702 drum
408 1641 635 1701 influit·
677 1661 791 1721 quo
816 1643 875 1700 iu
910 1643 1040 1724 foro
1068 1642 1327 1722 ejusdem
1352 1641 1507 1701 urbis
1531 1651 1660 1700 uter
1704 1641 2014 1722 suspensus
2053 1649 2140 1700 est
2187 1635 2366 1700 Sileni

197 1733 488 1884 Marq-yae,
470 1753 677 1814 ,quem
702 1734 963 1816 Phryges
983 1719 1217 1797 narrant
1236 1735 1308 1796 ab
1330 1717 1604 1815 Apolline
1628 1733 1981 1796 excoriatum
2001 1739 2368 1813 suspensum-

200 1845 327 1906 que
382 1845 550 1886 uisse.

292 1921 395 1983 27.
419 1919 507 1979 Ῑιι
532 1919 645 1980 hac
671 1922 815 1982 urbe
842 1935 1187 2002 exspectans
1226 1921 1486 1984 Xerxem
1514 1921 1852 1987 ,consederat
1891 1921 2164 2003 Pythius..
2188 1917 2363 1999 Atyis

203 2011 387 2082 filius,
413 2011 635 2100 Lydus,
660 2013 963 2094 ipsumque
992 2013 1249 2084 Xerxem
1286 2025 1347 2075 et
1387 2015 1711 2075 universum
1748 2011 1872 2094 ejus
1898 2013 2218 2074 exercitum
2245 2031 2366 2070 ma·

207 2103 439 2181 gnificis
460 2102 639 2182 epulis
666 2106 915 2184 excepit,
936 2106 1321 2186 pecuniasque
1336 2106 1624 2186 pollicitus
1641 2118 1730 2168 est
1743 2100 1883 2186 quas
1903 2107 1962 2164 iu
1981 2105 2370 2182 bellurnesset

212 2195 545 2256 collaturus.
585 2263 588 2266 ,
626 2197 741 2262 Qui
762 2197 864 2256 ubi
889 2199 1161 2277 pecunias
1189 2198 1415 2270 obtulit,
1435 2195 1692 2278 quaesivit
1716 2187 1940 2258 Xerxes
1967 2218 2042 2258 ex
2071 2194 2370 2278 praesenti-

208 2289 327 2348 bus
357 2288 567 2366 Persis,
595 2291 835 2366 quisnam
863 2291 1125 2348 hominum
1151 2299 1288 2349 esset
1315 2290 1564 2367 Pythius,
1593 2300 1648 2349 et
1669 2299 1897 2370 quantas
1915 2290 2217 2367 possideret
2233 2289 2372 2347 divi-

208 2381 348 2449 tia-5,
372 2381 463 2457 qm·
482 2379 591 2438 ista
616 2381 832 2456 efferret
850 2390 875 2439 ,²
914 2381 1022 2440 Cui
1042 2381 1120 2440 illi
1141 2381 1586 2462 responderunt:
1611 2389 1650 2418 “
1671 2383 1839 2443 Idem
1853 2381 1952 2443 hic
1973 2393 2078 2454 est,
2096 2379 2254 2455 Rex,
2275 2379 2375 2460 qui

208 2472 370 2552 patri
390 2482 493 2532 tuo
516 2473 697 2532 Dario
722 2491 953 2532 auream
980 2474 1273 2553 platanum
1296 2473 1641 2554 aureamque
1658 2475 1832 2535 vitem
1859 2475 2013 2536 dono
2031 2474 2231 2534 dedit:
2259 2484 2376 2560 est:

206 2583 331 2643 que
352 2575 481 2644 post
506 2575 567 2624 te
592 2583 743 2624 nunc
766 2563 1079 2636 hominum,
1096 2585 1238 2644 quos
1264 2567 1540 2642 novimus,
1560 2567 1809 2626 omnium
1825 2567 2088 2646 princeps
2115 2561 2376 2624 divitiis.”

258 2685 263 2691 ·
292 2659 399 2718 28.
420 2655 689 2717 ·Miratus
716 2675 821 2716 rex
856 2657 1139 2736 posterius
1164 2659 1277 2718 hoc
1303 2659 1560 2732 verbum,
1602 2659 1730 2738 ipse
1757 2657 1966 2718 deinde
1991 2647 2265 2736 Pythium
2291 2655 2379 2714 in-

211 2748 550 2826 terrogavit,
570 2757 796 2826 quantas
811 2750 1105 2826 possideret
1112 2751 1371 2828 pecunias
1392 2759 1418 2809 ,⁹
1456 2750 1538 2809 Et
1553 2749 1672 2822 ille,
1701 2755 1741 2787 ‘⁶
1763 2747 1950 2821 Rex,”
1977 2747 2176 2826 inquit,
2200 2755 2240 2784 ‘⁸
2259 2751 2376 2815 non

214 2847 279 2898 te
308 2839 534 2910 celabo,
558 2859 671 2900 nec
711 2841 1080 2903 excusatione
1124 2851 1272 2915 utar,
1295 2842 1519 2902 nescire
1563 2859 1659 2901 me
1698 2860 1854 2900 meas
1892 2838 2236 2909 facultatem
2275 2837 2380 2920 sed

213 2927 376 2990 bene
404 2929 663 3008 cognitas
682 2931 922 3004 habens,
952 2933 1229 2994 adcurate
1254 2933 1359 2992 tibi
1382 2933 1591 2994 dicam.
1670 2931 1824 2992 Nam
1853 2931 2031 2990 simul
2041 2941 2216 3014 atque
2249 2949 2388 2990 cer-

216 3023 339 3082 tior
352 3041 477 3081 sum
504 3021 692 3081 factus
712 3023 787 3082 ad
812 3041 968 3084 mare
990 3023 1267 3084 Graecum
1290 3035 1352 3085 te
1374 3023 1750 3102 descendere,
1771 3023 2006 3114 cupiens
2030 3023 2134 3083 tibi
2161 3023 2237 3104 ad
2253 3021 2381 3081 belz

216 3114 347 3173 lum
374 3114 635 3174 conferre
660 3115 955 3200 pecunias,
978 3115 1276 3195 inquisivh
1316 3117 1644 3196 rationeque
1673 3115 1832 3186 inita,
1859 3113 2064 3194 reperi,
2092 3134 2220 3193 esse
2241 3093 2396 3172 'mihi-x

219 3206 452 3284 argenti
478 3207 696 3283 talenta
718 3207 807 3267 bis
822 3207 999 3280 mille,
1026 3209 1148 3268 auri
1174 3228 1310 3269 vero
1331 3209 1776 3289 quadringentas
1792 3203 2083 3314 myriadas
2105 3217 2382 3267 staterum

220 3298 586 3368 Daricorum,
613 3299 797 3359 minus
816 3312 1040 3380 septem
1064 3300 1332 3361 millibus.
1394 3303 1593 3380 Atque
1614 3301 1717 3360 has
1739 3320 1850 3380 ego
1877 3300 2161 3405 pecunias
2176 3298 2276 3360 tibi
2303 3297 2381 3358 do

220 3390 487 3450 muneri:
530 3401 617 3451 est
647 3391 798 3452 enim
818 3391 955 3450 mihi
976 3411 1050 3451 ex
1077 3391 1369 3472 mancipiis
1390 3403 1565 3472 atque
1590 3391 1742 3471 agris
1769 3385 1956 3451 victus
1983 3389 2326 3452 sufficiens?
2477 3439 2484 3444 .

306 3487 411 3543 29.
453 3483 567 3542 His
606 3483 681 3542 ab
720 3482 819 3543 illo
860 3483 1024 3544 dictis
1066 3484 1289 3544 Xerxes
1330 3478 1674 3574 delectatus,
1711 3463 2035 3563 respondit:
2093 3491 2132 3521 “
2151 3483 2384 3570 Hospes

132 3581 139 3585 ’
224 3573 426 3653 Lyde,
456 3593 529 3633 ex
546 3593 665 3652 quo
686 3593 797 3655 ego
825 3575 1058 3650 Persica
1082 3594 1376 3653 egressus
1366 3595 1492 3641 sum
1509 3586 1680 3646 terra,
1706 3573 1926 3634 nullum
1944 3575 2154 3653 adhuc,
2173 3587 2385 3671 praeter

224 3675 313 3734 te,
344 3663 631 3725 hominem
660 3665 869 3745 reperi,
899 3666 995 3744 qui
1020 3665 1195 3735 vellet
1218 3666 1518 3745 hospitalia
1544 3647 1729 3743 officia
1753 3665 2032 3746 exercitui
2071 3667 2202 3726 meo
2229 3667 2386 3727 exhi-

222 3757 411 3825 bere3
450 3775 563 3816 nec
588 3757 701 3836 qui
712 3767 916 3816 ’meum
940 3757 1001 3816 in
1040 3769 1415 3840 conspectum
1441 3757 1696 3839 veniens,
1725 3778 1830 3818 sua
1867 3770 2074 3839 sponte
2109 3756 2385 3850 pecunias

219 3844 367 3905 mihi
386 3846 463 3907 ad
486 3847 701 3907 bellum
728 3837 1103 3933 conferendas
1126 3849 1373 3927 offerret.
1455 3849 1550 3909 Τιι
1573 3869 1714 3910 vero
1737 3849 2042 3928 magnifice
2070 3843 2386 3910 exercitum

220 3955 426 3997 meum
449 3939 752 4019 excepisti,
781 3950 841 3998 et
860 3941 1135 4028 pecunias
1152 3923 1428 4022 ingentes
1453 3941 1766 4021 pollicet-ie.
1817 3940 1948 4020 Tibi
1977 3959 2115 4018 ergo
2141 3939 2387 4030 vicissim

226 4049 355 4108 ego
372 4030 526 4090 dona
550 4030 747 4090 boecce
772 4032 997 4092 tribuo·
1037 4033 1097 4092 in
1122 4034 1379 4093 meorum
1404 4034 1696 4132 hospitum
1721 4053 1959 4116 numero
1979 4044 2038 4093 te
2055 4022 2293 4114 repono,
2325 4043 2388 4092 et

223 4123 677 4202 quadringentas
718 4129 991 4197 staterum
1031 4117 1314 4204 myriadas
1354 4127 1431 4206 de
1467 4145 1600 4200 meo
1641 4127 1764 4186 tibi
1799 4125 2121 4206 complebo,
2161 4133 2386 4206 septem

224 4211 425 4274 millia
440 4215 594 4276 dono
620 4215 783 4288 dans,
803 4235 881 4284 ne
904 4214 1009 4292 tibi
1026 4214 1110 4275 ad
1127 4198 1497 4296 complendas
1523 4217 1963 4314 quadringentas
1983 4215 2270 4297 myriadas
2295 4235 2387 4275 se-

231 4313 399 4384 ptem
416 4305 592 4367 millia
607 4307 811 4379 desint,
826 4306 933 4375 sed
945 4305 1129 4380 solida
1140 4317 1317 4386 atque
1336 4303 1562 4388 integra
1575 4309 1684 4368 ista
1697 4307 1798 4366 tibi
1815 4325 2034 4368 summa
2047 4327 2082 4366 a
2099 4327 2192 4368 me
2209 4306 2389 4368 confi-

224 4396 439 4458 cietur.
452 4429 465 4436 -
480 4397 669 4478 Perge
694 4417 829 4496 vero
852 4397 1147 4480 possidere
1166 4419 1297 4488 quae
1315 4398 1682 4480 adquisivisti,
1700 4417 1768 4462 ac
1793 4400 1939 4466 scito
1963 4389 2394 4486 semper-talem
2453 4472 2465 4478 =
