<?xml version="1.0" encoding="UTF-8"?>
<!DOCTYPE html PUBLIC "-//W3C//DTD XHTML 1.0 Transitional//EN"
    "http://www.w3.org/TR/xhtml1/DTD/xhtml1-transitional.dtd">
<html xmlns="http://www.w3.org/1999/xhtml" xml:lang="en" lang="en">
 <head>
  <title>
</title>
<meta http-equiv="Content-Type" content="text/html;charset=utf-8" />
  <meta name='ocr-system' content='tesseract 3.04.00' />
  <meta name='ocr-capabilities' content='ocr_page ocr_carea ocr_par ocr_line ocrx_word'/>
</head>
<body>
  <div class='ocr_page' id='page_1' title='image "./herodotimussive00wessgoog_0145.png"; bbox 0 0 2817 4792; ppageno 0'>
   <div class='ocr_carea' id='block_1_1' title="bbox 1073 250 2426 369">
    <p class='ocr_par' dir='ltr' id='par_1_1' title="bbox 1073 250 2426 369">
     <span class='ocr_line' id='line_1_1' title="bbox 1073 250 2426 369; baseline 0 -12"><span class='ocrx_word' id='word_1_1' title='bbox 1073 286 1451 369; x_wconf 70' lang='lat' dir='ltr'><strong>THALIA&#39;.</strong></span> <span class='ocrx_word' id='word_1_2' title='bbox 1614 360 1628 367; x_wconf 57' lang='grc'><strong>,,</strong></span> <span class='ocrx_word' id='word_1_3' title='bbox 1734 322 1751 366; x_wconf 64' lang='lat' dir='ltr'><strong>e.</strong></span> <span class='ocrx_word' id='word_1_4' title='bbox 2242 250 2426 357; x_wconf 41' lang='grc' dir='ltr'><strong>ωε</strong></span> 
     </span>
    </p>
   </div>
   <div class='ocr_carea' id='block_1_2' title="bbox 170 404 2365 975">
    <p class='ocr_par' dir='ltr' id='par_1_2' title="bbox 170 404 2359 702">
     <span class='ocr_line' id='line_1_2' title="bbox 170 404 2358 527; baseline -0.002 -28"><span class='ocrx_word' id='word_1_5' title='bbox 170 440 488 527; x_wconf 81' lang='lat' dir='ltr'><strong>menidum</strong></span> <span class='ocrx_word' id='word_1_6' title='bbox 529 438 728 519; x_wconf 81' lang='lat' dir='ltr'><strong>stirpe,</strong></span> <span class='ocrx_word' id='word_1_7' title='bbox 761 447 964 499; x_wconf 82' lang='lat' dir='ltr'><strong>natum</strong></span> <span class='ocrx_word' id='word_1_8' title='bbox 989 456 1122 498; x_wconf 79' lang='lat' dir='ltr'><strong>esse</strong></span> <span class='ocrx_word' id='word_1_9' title='bbox 1149 404 1501 519; x_wconf 74' lang='lat' dir='ltr'><strong>Cambysen,</strong></span> <span class='ocrx_word' id='word_1_10' title='bbox 1536 446 1651 499; x_wconf 83' lang='lat' dir='ltr'><strong>non</strong></span> <span class='ocrx_word' id='word_1_11' title='bbox 1678 457 1753 517; x_wconf 60' lang='lat' dir='ltr'><strong>eg</strong></span> <span class='ocrx_word' id='word_1_12' title='bbox 1786 437 1887 499; x_wconf 83' lang='lat' dir='ltr'><strong>illa</strong></span> <span class='ocrx_word' id='word_1_13' title='bbox 1906 418 2209 517; x_wconf 83' lang='lat' dir='ltr'><strong>AEgyptia.</strong></span> <span class='ocrx_word' id='word_1_14' title='bbox 2252 436 2358 496; x_wconf 86' lang='lat' dir='ltr'><strong>sed</strong></span> 
     </span>
     <span class='ocr_line' id='line_1_3' title="bbox 171 520 2359 610; baseline -0 -20"><span class='ocrx_word' id='word_1_15' title='bbox 171 520 484 591; x_wconf 77' lang='lat' dir='ltr'><strong>invertunt</strong></span> <span class='ocrx_word' id='word_1_16' title='bbox 517 532 831 601; x_wconf 73' lang='lat' dir='ltr'>historiam,</span> <span class='ocrx_word' id='word_1_17' title='bbox 871 531 1234 591; x_wconf 79' lang='lat' dir='ltr'><strong>intercedere</strong></span> <span class='ocrx_word' id='word_1_18' title='bbox 1273 531 1387 590; x_wconf 83' lang='lat' dir='ltr'><strong>sibi</strong></span> <span class='ocrx_word' id='word_1_19' title='bbox 1414 530 1773 598; x_wconf 66' lang='lat' dir='ltr'><strong>adfectantes</strong></span> <span class='ocrx_word' id='word_1_20' title='bbox 1799 549 1934 590; x_wconf 86' lang='lat' dir='ltr'><strong>cum</strong></span> <span class='ocrx_word' id='word_1_21' title='bbox 1970 530 2110 610; x_wconf 81' lang='lat' dir='ltr'><strong>Cyri</strong></span> <span class='ocrx_word' id='word_1_22' title='bbox 2145 529 2359 594; x_wconf 80' lang='lat' dir='ltr'><strong>familia</strong></span> 
     </span>
     <span class='ocr_line' id='line_1_4' title="bbox 177 616 1654 702; baseline 0 -19"><span class='ocrx_word' id='word_1_23' title='bbox 177 624 636 702; x_wconf 74' lang='lat' dir='ltr'><strong>cognationem.</strong></span> <span class='ocrx_word' id='word_1_24' title='bbox 719 623 800 681; x_wconf 86' lang='lat' dir='ltr'><strong>Et</strong></span> <span class='ocrx_word' id='word_1_25' title='bbox 821 623 954 683; x_wconf 79' lang='lat' dir='ltr'><strong>haec</strong></span> <span class='ocrx_word' id='word_1_26' title='bbox 965 616 1206 701; x_wconf 69' lang='lat' dir='ltr'><strong>*quidem</strong></span> <span class='ocrx_word' id='word_1_27' title='bbox 1223 623 1314 683; x_wconf 89' lang='lat' dir='ltr'><strong>ita</strong></span> <span class='ocrx_word' id='word_1_28' title='bbox 1327 642 1408 683; x_wconf 86' lang='lat' dir='ltr'><strong>se.</strong></span> <span class='ocrx_word' id='word_1_29' title='bbox 1416 622 1654 683; x_wconf 81' lang='lat' dir='ltr'><strong>habent.</strong></span> 
     </span>
    </p>

    <p class='ocr_par' dir='ltr' id='par_1_3' title="bbox 181 712 2365 975">
     <span class='ocr_line' id='line_1_5' title="bbox 181 712 2363 791; baseline -0 -16"><span class='ocrx_word' id='word_1_30' title='bbox 181 748 186 753; x_wconf 93' lang='lat'><strong>·</strong></span> <span class='ocrx_word' id='word_1_31' title='bbox 255 721 336 775; x_wconf 77' lang='grc'><strong>-3;</strong></span> <span class='ocrx_word' id='word_1_32' title='bbox 387 717 671 785; x_wconf 84' lang='lat' dir='ltr'><strong>Narratur</strong></span> <span class='ocrx_word' id='word_1_33' title='bbox 709 714 898 775; x_wconf 73' lang='lat' dir='ltr'><strong>etiam</strong></span> <span class='ocrx_word' id='word_1_34' title='bbox 917 713 1030 773; x_wconf 82' lang='lat' dir='ltr'><strong>alia</strong></span> <span class='ocrx_word' id='word_1_35' title='bbox 1069 715 1284 785; x_wconf 83' lang='lat' dir='ltr'><strong>fabula,</strong></span> <span class='ocrx_word' id='word_1_36' title='bbox 1323 712 1475 774; x_wconf 84' lang='lat' dir='ltr'><strong>mihi</strong></span> <span class='ocrx_word' id='word_1_37' title='bbox 1510 734 1629 773; x_wconf 85' lang='lat' dir='ltr'><strong>non</strong></span> <span class='ocrx_word' id='word_1_38' title='bbox 1669 713 1978 791; x_wconf 75' lang='lat' dir='ltr'><strong>credibilia,</strong></span> <span class='ocrx_word' id='word_1_39' title='bbox 2016 712 2363 790; x_wconf 68' lang='lat' dir='ltr'><strong>huiusmodi.</strong></span> 
     </span>
     <span class='ocr_line' id='line_1_6' title="bbox 186 805 2363 887; baseline -0.002 -18"><span class='ocrx_word' id='word_1_40' title='bbox 186 808 573 869; x_wconf 77' lang='lat' dir='ltr'><strong>Persicam-m</strong></span> <span class='ocrx_word' id='word_1_41' title='bbox 599 805 899 866; x_wconf 77' lang='lat' dir='ltr'><strong>mulierum</strong></span> <span class='ocrx_word' id='word_1_42' title='bbox 914 806 1258 886; x_wconf 75' lang='lat' dir='ltr'><strong>quampiam,</strong></span> <span class='ocrx_word' id='word_1_43' title='bbox 1285 806 1530 887; x_wconf 69' lang='lat' dir='ltr'><strong>ad,.Cyri</strong></span> <span class='ocrx_word' id='word_1_44' title='bbox 1548 805 1813 865; x_wconf 84' lang='lat' dir='ltr'><strong>mulieres</strong></span> <span class='ocrx_word' id='word_1_45' title='bbox 1840 806 2171 883; x_wconf 80' lang='lat' dir='ltr'><strong>ingressam,</strong></span> <span class='ocrx_word' id='word_1_46' title='bbox 2189 826 2363 885; x_wconf 85' lang='lat' dir='ltr'><strong>quum</strong></span> 
     </span>
     <span class='ocr_line' id='line_1_7' title="bbox 190 896 2365 975; baseline -0.002 -15"><span class='ocrx_word' id='word_1_47' title='bbox 190 900 600 960; x_wconf 77' lang='lat' dir='ltr'><strong>Casaandanoe</strong></span> <span class='ocrx_word' id='word_1_48' title='bbox 626 896 929 956; x_wconf 72' lang='lat' dir='ltr'><strong>adstantes</strong></span> <span class='ocrx_word' id='word_1_49' title='bbox 941 896 1429 957; x_wconf 73' lang='lat' dir='ltr'><strong>vidisset-liberos</strong></span> <span class='ocrx_word' id='word_1_50' title='bbox 1454 896 1654 956; x_wconf 84' lang='lat' dir='ltr'><strong>forma.</strong></span> <span class='ocrx_word' id='word_1_51' title='bbox 1674 907 1737 957; x_wconf 92' lang='lat' dir='ltr'><strong>et</strong></span> <span class='ocrx_word' id='word_1_52' title='bbox 1754 900 1979 955; x_wconf 79' lang='lat' dir='ltr'><strong>&#39;statura</strong></span> <span class='ocrx_word' id='word_1_53' title='bbox 2000 908 2365 975; x_wconf 59' lang='lat' dir='ltr'><strong>praestantem,</strong></span> 
     </span>
    </p>
   </div>
   <div class='ocr_carea' id='block_1_3' title="bbox 89 987 2365 1059">
    <p class='ocr_par' dir='ltr' id='par_1_4' title="bbox 89 987 2365 1059">
     <span class='ocr_line' id='line_1_8' title="bbox 89 987 2365 1059; baseline 0 -9"><span class='ocrx_word' id='word_1_54' title='bbox 89 1040 100 1050; x_wconf 79' lang='lat'>.</span> <span class='ocrx_word' id='word_1_55' title='bbox 191 993 554 1052; x_wconf 82' lang='lat' dir='ltr'><strong>admiratam·</strong></span> <span class='ocrx_word' id='word_1_56' title='bbox 587 989 716 1048; x_wconf 85' lang='lat' dir='ltr'><strong>illos</strong></span> <span class='ocrx_word' id='word_1_57' title='bbox 743 988 939 1048; x_wconf 85' lang='lat' dir='ltr'><strong>multis</strong></span> <span class='ocrx_word' id='word_1_58' title='bbox 963 989 1230 1049; x_wconf 81' lang='lat' dir='ltr'><strong>laudibus</strong></span> <span class='ocrx_word' id='word_1_59' title='bbox 1269 988 1565 1049; x_wconf 75' lang='lat' dir='ltr'>extulisse.</span> <span class='ocrx_word' id='word_1_60' title='bbox 1645 989 1795 1048; x_wconf 89' lang='lat' dir='ltr'><strong>Tum</strong></span> <span class='ocrx_word' id='word_1_61' title='bbox 1824 987 1879 1049; x_wconf 86' lang='lat' dir='ltr'><strong>ei</strong></span> <span class='ocrx_word' id='word_1_62' title='bbox 1916 988 2365 1059; x_wconf 77' lang='grc' dir='ltr'><strong>Οεεεειιᾶειιειιι,</strong></span> 
     </span>
    </p>
   </div>
   <div class='ocr_carea' id='block_1_4' title="bbox 195 1080 2372 1267">
    <p class='ocr_par' dir='ltr' id='par_1_5' title="bbox 195 1080 2372 1253">
     <span class='ocr_line' id='line_1_9' title="bbox 195 1080 2366 1165; baseline -0.003 -19.994"><span class='ocrx_word' id='word_1_63' title='bbox 195 1086 352 1165; x_wconf 81' lang='lat' dir='ltr'><strong>Cyri</strong></span> <span class='ocrx_word' id='word_1_64' title='bbox 375 1092 641 1153; x_wconf 65' lang='lat' dir='ltr'><strong>uxorem,</strong></span> <span class='ocrx_word' id='word_1_65' title='bbox 669 1081 924 1141; x_wconf 81' lang='lat' dir='ltr'><strong>dixisse·</strong></span> <span class='ocrx_word' id='word_1_66' title='bbox 968 1080 1206 1159; x_wconf 84' lang='lat' dir='ltr'>“Atqui</span> <span class='ocrx_word' id='word_1_67' title='bbox 1229 1100 1347 1151; x_wconf 82' lang='lat' dir='ltr'><strong>me,</strong></span> <span class='ocrx_word' id='word_1_68' title='bbox 1377 1098 1555 1159; x_wconf 84' lang='lat' dir='ltr'><strong>quum</strong></span> <span class='ocrx_word' id='word_1_69' title='bbox 1588 1080 1789 1139; x_wconf 88' lang='lat' dir='ltr'><strong>talium</strong></span> <span class='ocrx_word' id='word_1_70' title='bbox 1815 1088 1997 1139; x_wconf 89' lang='lat' dir='ltr'><strong>mater</strong></span> <span class='ocrx_word' id='word_1_71' title='bbox 2022 1080 2127 1137; x_wconf 87' lang='lat' dir='ltr'><strong>sim</strong></span> <span class='ocrx_word' id='word_1_72' title='bbox 2156 1099 2366 1158; x_wconf 84' lang='lat' dir='ltr'><strong>puero-</strong></span> 
     </span>
     <span class='ocr_line' id='line_1_10' title="bbox 195 1150 2372 1267; baseline 0 -34"><span class='ocrx_word' id='word_1_73' title='bbox 195 1196 351 1247; x_wconf 85' lang='lat' dir='ltr'><strong>rum,</strong></span> <span class='ocrx_word' id='word_1_74' title='bbox 396 1176 600 1253; x_wconf 83' lang='lat' dir='ltr'>Cyrus</span> <span class='ocrx_word' id='word_1_75' title='bbox 610 1178 806 1231; x_wconf 84' lang='lat' dir='ltr'><strong>tamen</strong></span> <span class='ocrx_word' id='word_1_76' title='bbox 833 1181 1209 1267; x_wconf 72' lang='lat' dir='ltr'><strong>aspernatur:</strong></span> <span class='ocrx_word' id='word_1_77' title='bbox 1251 1171 1408 1231; x_wconf 83' lang='lat' dir='ltr'><strong>illam</strong></span> <span class='ocrx_word' id='word_1_78' title='bbox 1436 1191 1579 1231; x_wconf 84' lang='lat' dir='ltr'><strong>vero</strong></span> <span class='ocrx_word' id='word_1_79' title='bbox 1603 1191 1677 1231; x_wconf 84' lang='lat' dir='ltr'><strong>ex</strong></span> <span class='ocrx_word' id='word_1_80' title='bbox 1716 1150 1975 1251; x_wconf 81' lang='lat' dir='ltr'><strong>AEgypto</strong></span> <span class='ocrx_word' id='word_1_81' title='bbox 1999 1172 2372 1233; x_wconf 77' lang='lat' dir='ltr'><strong>adventitiam</strong></span> 
     </span>
    </p>
   </div>
   <div class='ocr_carea' id='block_1_5' title="bbox 198 1257 2499 1347">
    <p class='ocr_par' dir='ltr' id='par_1_6' title="bbox 198 1257 2499 1347">
     <span class='ocr_line' id='line_1_11' title="bbox 198 1257 2499 1347; baseline -0 -23"><span class='ocrx_word' id='word_1_82' title='bbox 198 1266 260 1324; x_wconf 87' lang='lat' dir='ltr'><strong>in</strong></span> <span class='ocrx_word' id='word_1_83' title='bbox 302 1267 534 1325; x_wconf 83' lang='lat' dir='ltr'><strong>honore</strong></span> <span class='ocrx_word' id='word_1_84' title='bbox 571 1263 807 1324; x_wconf 49' lang='lat' dir='ltr'><strong>habet?</strong></span> <span class='ocrx_word' id='word_1_85' title='bbox 889 1257 1060 1323; x_wconf 83' lang='lat' dir='ltr'><strong>Haec</strong></span> <span class='ocrx_word' id='word_1_86' title='bbox 1081 1274 1384 1341; x_wconf 78' lang='lat' dir='ltr'><strong>postquam</strong></span> <span class='ocrx_word' id='word_1_87' title='bbox 1424 1261 1808 1340; x_wconf 76' lang='lat' dir='ltr'><strong>ingemiscens</strong></span> <span class='ocrx_word' id='word_1_88' title='bbox 1850 1264 1926 1323; x_wconf 84' lang='lat' dir='ltr'><strong>ob</strong></span> <span class='ocrx_word' id='word_1_89' title='bbox 1964 1262 2188 1322; x_wconf 86' lang='lat' dir='ltr'><strong>Nitetin</strong></span> <span class='ocrx_word' id='word_1_90' title='bbox 2220 1274 2374 1323; x_wconf 86' lang='lat' dir='ltr'><strong>esset</strong></span> <span class='ocrx_word' id='word_1_91' title='bbox 2488 1337 2499 1347; x_wconf 19' lang='grc' dir='ltr'>κ</span> 
     </span>
    </p>
   </div>
   <div class='ocr_carea' id='block_1_6' title="bbox 165 1332 2475 4463">
    <p class='ocr_par' dir='ltr' id='par_1_7' title="bbox 198 1332 2379 1896">
     <span class='ocr_line' id='line_1_12' title="bbox 198 1332 2373 1459; baseline -0.001 -42"><span class='ocrx_word' id='word_1_92' title='bbox 198 1358 433 1429; x_wconf 87' lang='lat' dir='ltr'><strong>locuta,</strong></span> <span class='ocrx_word' id='word_1_93' title='bbox 464 1356 709 1416; x_wconf 85' lang='lat' dir='ltr'><strong>filiorum</strong></span> <span class='ocrx_word' id='word_1_94' title='bbox 735 1366 878 1415; x_wconf 87' lang='lat' dir='ltr'><strong>natu</strong></span> <span class='ocrx_word' id='word_1_95' title='bbox 905 1354 1215 1414; x_wconf 84' lang='lat' dir='ltr'><strong>maximum</strong></span> <span class='ocrx_word' id='word_1_96' title='bbox 1243 1353 1572 1433; x_wconf 81' lang='lat' dir='ltr'><strong>Cambysen</strong></span> <span class='ocrx_word' id='word_1_97' title='bbox 1598 1353 1885 1425; x_wconf 67' lang='grc' dir='ltr'><strong>ιὶιιιίιιεε,6</strong></span> <span class='ocrx_word' id='word_1_98' title='bbox 1892 1332 2153 1459; x_wconf 72' lang='lat' dir='ltr'><strong>‘Itaque,</strong></span> <span class='ocrx_word' id='word_1_99' title='bbox 2170 1366 2373 1427; x_wconf 87' lang='lat' dir='ltr'><strong>mater,</strong></span> 
     </span>
     <span class='ocr_line' id='line_1_13' title="bbox 202 1444 2378 1529; baseline -0.001 -20"><span class='ocrx_word' id='word_1_100' title='bbox 202 1456 392 1529; x_wconf 81' lang='lat' dir='ltr'><strong>quum</strong></span> <span class='ocrx_word' id='word_1_101' title='bbox 419 1454 535 1527; x_wconf 82' lang='lat' dir='ltr'><strong>ego</strong></span> <span class='ocrx_word' id='word_1_102' title='bbox 561 1448 648 1507; x_wconf 86' lang='lat' dir='ltr'><strong>vir</strong></span> <span class='ocrx_word' id='word_1_103' title='bbox 671 1448 932 1524; x_wconf 48' lang='lat' dir='ltr'><strong>euasero,</strong></span> <span class='ocrx_word' id='word_1_104' title='bbox 961 1444 1200 1525; x_wconf 83' lang='lat' dir='ltr'><strong>AEgypti</strong></span> <span class='ocrx_word' id='word_1_105' title='bbox 1225 1463 1447 1506; x_wconf 82' lang='lat' dir='ltr'><strong>summa</strong></span> <span class='ocrx_word' id='word_1_106' title='bbox 1473 1444 1587 1503; x_wconf 88' lang='lat' dir='ltr'><strong>ima</strong></span> <span class='ocrx_word' id='word_1_107' title='bbox 1614 1464 1843 1524; x_wconf 84' lang='lat' dir='ltr'><strong>ponam,</strong></span> <span class='ocrx_word' id='word_1_108' title='bbox 1873 1455 1935 1504; x_wconf 91' lang='lat' dir='ltr'><strong>et</strong></span> <span class='ocrx_word' id='word_1_109' title='bbox 1960 1444 2077 1503; x_wconf 87' lang='lat' dir='ltr'><strong>ima</strong></span> <span class='ocrx_word' id='word_1_110' title='bbox 2100 1447 2378 1507; x_wconf 79' lang='lat' dir='ltr'><strong>summa-’⁹</strong></span> 
     </span>
     <span class='ocr_line' id='line_1_14' title="bbox 207 1517 2379 1621; baseline -0.001 -19"><span class='ocrx_word' id='word_1_111' title='bbox 207 1542 360 1601; x_wconf 86' lang='lat' dir='ltr'><strong>Hoc</strong></span> <span class='ocrx_word' id='word_1_112' title='bbox 403 1540 736 1620; x_wconf 75' lang='lat' dir='ltr'><strong>Cambysen</strong></span> <span class='ocrx_word' id='word_1_113' title='bbox 777 1517 996 1597; x_wconf 80' lang='lat' dir='ltr'><strong>dixisse</strong></span> <span class='ocrx_word' id='word_1_114' title='bbox 1020 1538 1232 1597; x_wconf 87' lang='lat' dir='ltr'><strong>decem·</strong></span> <span class='ocrx_word' id='word_1_115' title='bbox 1269 1535 1503 1597; x_wconf 79' lang='lat' dir='ltr'><strong>circiter</strong></span> <span class='ocrx_word' id='word_1_116' title='bbox 1530 1555 1709 1597; x_wconf 83' lang='lat' dir='ltr'><strong>annos</strong></span> <span class='ocrx_word' id='word_1_117' title='bbox 1748 1546 1966 1605; x_wconf 81' lang='grc' dir='ltr'><strong>ιιειιιιιι,</strong></span> <span class='ocrx_word' id='word_1_118' title='bbox 1969 1537 2379 1621; x_wconf 70' lang='lat' dir='ltr'><strong>mulieresque</strong></span> 
     </span>
     <span class='ocr_line' id='line_1_15' title="bbox 207 1627 2379 1713; baseline -0.003 -20"><span class='ocrx_word' id='word_1_119' title='bbox 207 1629 596 1693; x_wconf 78' lang='lat' dir='ltr'><strong>admiratione</strong></span> <span class='ocrx_word' id='word_1_120' title='bbox 636 1630 816 1691; x_wconf 79' lang='lat' dir='ltr'><strong>fnisse</strong></span> <span class='ocrx_word' id='word_1_121' title='bbox 854 1628 1184 1708; x_wconf 77' lang='lat' dir='ltr'><strong>perculsas·</strong></span> <span class='ocrx_word' id='word_1_122' title='bbox 1223 1637 1284 1689; x_wconf 88' lang='lat' dir='ltr'><strong>et</strong></span> <span class='ocrx_word' id='word_1_123' title='bbox 1320 1628 1501 1699; x_wconf 76' lang='lat' dir='ltr'><strong>illum,</strong></span> <span class='ocrx_word' id='word_1_124' title='bbox 1542 1637 1841 1709; x_wconf 77' lang='lat' dir='ltr'><strong>postquam</strong></span> <span class='ocrx_word' id='word_1_125' title='bbox 1875 1627 1953 1687; x_wconf 84' lang='lat' dir='ltr'><strong>ad</strong></span> <span class='ocrx_word' id='word_1_126' title='bbox 1978 1628 2207 1687; x_wconf 81' lang='lat' dir='ltr'><strong>.virilem</strong></span> <span class='ocrx_word' id='word_1_127' title='bbox 2244 1649 2379 1713; x_wconf 81' lang='lat' dir='ltr'><strong>per·-</strong></span> 
     </span>
     <span class='ocr_line' id='line_1_16' title="bbox 207 1717 2379 1806; baseline -0.001 -23"><span class='ocrx_word' id='word_1_128' title='bbox 207 1725 474 1785; x_wconf 80' lang='lat' dir='ltr'><strong>venisset</strong></span> <span class='ocrx_word' id='word_1_129' title='bbox 499 1733 750 1795; x_wconf 84' lang='lat' dir='ltr'><strong>oetatem,</strong></span> <span class='ocrx_word' id='word_1_130' title='bbox 779 1739 1144 1799; x_wconf 76' lang='lat' dir='ltr'><strong>regnumque</strong></span> <span class='ocrx_word' id='word_1_131' title='bbox 1167 1729 1320 1806; x_wconf 79' lang='lat' dir='ltr'><strong>esset</strong></span> <span class='ocrx_word' id='word_1_132' title='bbox 1359 1719 1623 1797; x_wconf 80' lang='lat' dir='ltr'><strong>adeptus,</strong></span> <span class='ocrx_word' id='word_1_133' title='bbox 1652 1717 1791 1779; x_wconf 87' lang='lat' dir='ltr'><strong>dicti</strong></span> <span class='ocrx_word' id='word_1_134' title='bbox 1818 1731 2153 1790; x_wconf 85' lang='lat' dir='ltr'><strong>memorem,</strong></span> <span class='ocrx_word' id='word_1_135' title='bbox 2182 1739 2379 1781; x_wconf 84' lang='lat' dir='ltr'><strong>susce-</strong></span> 
     </span>
     <span class='ocr_line' id='line_1_17' title="bbox 211 1812 2205 1896; baseline -0.009 -19"><span class='ocrx_word' id='word_1_136' title='bbox 211 1816 374 1896; x_wconf 82' lang='lat' dir='ltr'><strong>pisse</strong></span> <span class='ocrx_word' id='word_1_137' title='bbox 395 1816 456 1876; x_wconf 87' lang='lat' dir='ltr'><strong>in</strong></span> <span class='ocrx_word' id='word_1_138' title='bbox 478 1816 794 1895; x_wconf 86' lang='lat' dir='ltr'><strong>AEgyptum</strong></span> <span class='ocrx_word' id='word_1_139' title='bbox 815 1812 1263 1893; x_wconf 81' lang='lat' dir='ltr'><strong>expeditionem.</strong></span> <span class='ocrx_word' id='word_1_140' title='bbox 1502 1832 1507 1837; x_wconf 93' lang='lat'><em>·</em></span> <span class='ocrx_word' id='word_1_141' title='bbox 1551 1860 1555 1865; x_wconf 90' lang='lat'><em>.</em></span> <span class='ocrx_word' id='word_1_142' title='bbox 1790 1848 1793 1851; x_wconf 77' lang='lat'>-</span> <span class='ocrx_word' id='word_1_143' title='bbox 2196 1850 2205 1859; x_wconf 82' lang='lat'><strong>.</strong></span> 
     </span>
    </p>

    <p class='ocr_par' dir='ltr' id='par_1_8' title="bbox 165 1858 2475 3453">
     <span class='ocr_line' id='line_1_18' title="bbox 295 1858 2387 1985; baseline -0.003 -16"><span class='ocrx_word' id='word_1_144' title='bbox 295 1912 359 1969; x_wconf 88' lang='lat'><strong>4.</strong></span> <span class='ocrx_word' id='word_1_145' title='bbox 383 1906 713 1966; x_wconf 80' lang='lat' dir='ltr'><strong>Acciderat</strong></span> <span class='ocrx_word' id='word_1_146' title='bbox 735 1924 872 1965; x_wconf 80' lang='lat' dir='ltr'><strong>vero</strong></span> <span class='ocrx_word' id='word_1_147' title='bbox 913 1903 1089 1965; x_wconf 87' lang='lat' dir='ltr'><strong>etiam</strong></span> <span class='ocrx_word' id='word_1_148' title='bbox 1115 1904 1271 1963; x_wconf 86' lang='lat' dir='ltr'><strong>aliud</strong></span> <span class='ocrx_word' id='word_1_149' title='bbox 1299 1884 1591 1984; x_wconf 79' lang='lat' dir='ltr'><strong>quidpiam</strong></span> <span class='ocrx_word' id='word_1_150' title='bbox 1616 1858 1957 1979; x_wconf 82' lang='lat' dir='ltr'><strong>hujusmodi,</strong></span> <span class='ocrx_word' id='word_1_151' title='bbox 1998 1902 2153 1985; x_wconf 85' lang='lat' dir='ltr'><strong>quod</strong></span> <span class='ocrx_word' id='word_1_152' title='bbox 2180 1904 2255 1963; x_wconf 84' lang='lat' dir='ltr'><strong>ad</strong></span> <span class='ocrx_word' id='word_1_153' title='bbox 2282 1892 2387 1964; x_wconf 61' lang='lat' dir='ltr'><strong>eir-</strong></span> 
     </span>
     <span class='ocr_line' id='line_1_19' title="bbox 217 1995 2389 2079; baseline -0.001 -20"><span class='ocrx_word' id='word_1_154' title='bbox 217 1998 578 2079; x_wconf 70' lang='lat' dir='ltr'><strong>peditionem</strong></span> <span class='ocrx_word' id='word_1_155' title='bbox 595 1997 760 2058; x_wconf 87' lang='lat' dir='ltr'><strong>illam</strong></span> <span class='ocrx_word' id='word_1_156' title='bbox 783 2003 1139 2057; x_wconf 84' lang='lat' dir='ltr'><strong>momentum</strong></span> <span class='ocrx_word' id='word_1_157' title='bbox 1173 1996 1437 2055; x_wconf 84' lang='lat' dir='ltr'><strong>contulit.</strong></span> <span class='ocrx_word' id='word_1_158' title='bbox 1521 1995 1707 2054; x_wconf 83' lang='lat' dir='ltr'><strong>Erat</strong></span> <span class='ocrx_word' id='word_1_159' title='bbox 1690 2014 1749 2053; x_wconf 87' lang='grc' dir='ltr'><strong>ιιι</strong></span> <span class='ocrx_word' id='word_1_160' title='bbox 1772 2010 2011 2055; x_wconf 86' lang='lat' dir='ltr'><strong>numero</strong></span> <span class='ocrx_word' id='word_1_161' title='bbox 2030 1996 2389 2057; x_wconf 80' lang='lat' dir='ltr'><strong>auxiliarium</strong></span> 
     </span>
     <span class='ocr_line' id='line_1_20' title="bbox 220 2087 2389 2183; baseline 0.001 -34"><span class='ocrx_word' id='word_1_162' title='bbox 220 2089 521 2151; x_wconf 84' lang='lat' dir='ltr'><strong>Amasidis</strong></span> <span class='ocrx_word' id='word_1_163' title='bbox 541 2090 628 2149; x_wconf 87' lang='lat' dir='ltr'><strong>vir</strong></span> <span class='ocrx_word' id='word_1_164' title='bbox 640 2097 888 2167; x_wconf 66' lang='lat' dir='ltr'><strong>gemere</strong></span> <span class='ocrx_word' id='word_1_165' title='bbox 900 2088 1450 2161; x_wconf 79' lang='lat' dir='ltr'><strong>Halicarnassensis,</strong></span> <span class='ocrx_word' id='word_1_166' title='bbox 1477 2088 1573 2147; x_wconf 88' lang='lat' dir='ltr'><strong>cui</strong></span> <span class='ocrx_word' id='word_1_167' title='bbox 1601 2087 1839 2147; x_wconf 84' lang='lat' dir='ltr'><strong>Phanes</strong></span> <span class='ocrx_word' id='word_1_168' title='bbox 1854 2090 2085 2159; x_wconf 80' lang='lat' dir='ltr'><strong>nomeu,</strong></span> <span class='ocrx_word' id='word_1_169' title='bbox 2120 2090 2297 2151; x_wconf 86' lang='lat' dir='ltr'><strong>homo</strong></span> <span class='ocrx_word' id='word_1_170' title='bbox 2322 2103 2389 2183; x_wconf 74' lang='lat' dir='ltr'><strong>et·</strong></span> 
     </span>
     <span class='ocr_line' id='line_1_21' title="bbox 223 2180 2389 2262; baseline -0.003 -15"><span class='ocrx_word' id='word_1_171' title='bbox 223 2183 474 2247; x_wconf 72' lang='lat' dir='ltr'><strong>consilio</strong></span> <span class='ocrx_word' id='word_1_172' title='bbox 498 2190 798 2262; x_wconf 80' lang='lat' dir='ltr'><strong>praestans,</strong></span> <span class='ocrx_word' id='word_1_173' title='bbox 829 2190 888 2242; x_wconf 89' lang='lat' dir='ltr'><strong>et</strong></span> <span class='ocrx_word' id='word_1_174' title='bbox 905 2180 1120 2241; x_wconf 88' lang='lat' dir='ltr'><strong>bellica</strong></span> <span class='ocrx_word' id='word_1_175' title='bbox 1143 2180 1384 2241; x_wconf 80' lang='lat' dir='ltr'><strong>virtute.</strong></span> <span class='ocrx_word' id='word_1_176' title='bbox 1455 2180 1689 2241; x_wconf 87' lang='lat' dir='ltr'><strong>Phanes</strong></span> <span class='ocrx_word' id='word_1_177' title='bbox 1711 2180 1830 2252; x_wconf 86' lang='lat' dir='ltr'><strong>hic,</strong></span> <span class='ocrx_word' id='word_1_178' title='bbox 1857 2181 2057 2243; x_wconf 82' lang='lat' dir='ltr'><strong>nescio</strong></span> <span class='ocrx_word' id='word_1_179' title='bbox 2074 2201 2191 2261; x_wconf 90' lang='lat' dir='ltr'><strong>qua</strong></span> <span class='ocrx_word' id='word_1_180' title='bbox 2216 2202 2281 2247; x_wconf 83' lang='lat' dir='ltr'><strong>re</strong></span> <span class='ocrx_word' id='word_1_181' title='bbox 2298 2183 2389 2241; x_wconf 78' lang='lat' dir='ltr'><strong>iii-</strong></span> 
     </span>
     <span class='ocr_line' id='line_1_22' title="bbox 224 2270 2389 2355; baseline -0.001 -20"><span class='ocrx_word' id='word_1_182' title='bbox 224 2270 428 2336; x_wconf 77' lang='lat' dir='ltr'><strong>fensus</strong></span> <span class='ocrx_word' id='word_1_183' title='bbox 457 2275 640 2335; x_wconf 81' lang='lat' dir='ltr'><strong>Amas</strong></span> <span class='ocrx_word' id='word_1_184' title='bbox 641 2272 740 2344; x_wconf 88' lang='lat' dir='ltr'><strong>idi,</strong></span> <span class='ocrx_word' id='word_1_185' title='bbox 767 2272 912 2333; x_wconf 84' lang='lat' dir='ltr'><strong>navi</strong></span> <span class='ocrx_word' id='word_1_186' title='bbox 953 2291 1026 2331; x_wconf 81' lang='lat' dir='ltr'><strong>ex</strong></span> <span class='ocrx_word' id='word_1_187' title='bbox 1067 2274 1321 2352; x_wconf 85' lang='lat' dir='ltr'><strong>AEgypto</strong></span> <span class='ocrx_word' id='word_1_188' title='bbox 1353 2271 1629 2351; x_wconf 80' lang='lat' dir='ltr'><strong>profugit,</strong></span> <span class='ocrx_word' id='word_1_189' title='bbox 1659 2272 1905 2353; x_wconf 83' lang='lat' dir='ltr'><strong>cupiens</strong></span> <span class='ocrx_word' id='word_1_190' title='bbox 1942 2274 2003 2331; x_wconf 89' lang='grc' dir='ltr'><strong>ιιι</strong></span> <span class='ocrx_word' id='word_1_191' title='bbox 2042 2272 2389 2355; x_wconf 84' lang='lat' dir='ltr'><strong>colloquium</strong></span> 
     </span>
     <span class='ocr_line' id='line_1_23' title="bbox 221 2362 2389 2445; baseline -0.001 -16"><span class='ocrx_word' id='word_1_192' title='bbox 221 2366 425 2429; x_wconf 75' lang='lat' dir='ltr'><strong>venire</strong></span> <span class='ocrx_word' id='word_1_193' title='bbox 453 2363 775 2445; x_wconf 79' lang='lat' dir='ltr'><strong>cambysis.</strong></span> <span class='ocrx_word' id='word_1_194' title='bbox 815 2364 896 2423; x_wconf 84' lang='lat' dir='ltr'><strong>At</strong></span> <span class='ocrx_word' id='word_1_195' title='bbox 919 2363 1103 2435; x_wconf 88' lang='lat' dir='ltr'><strong>illum,</strong></span> <span class='ocrx_word' id='word_1_196' title='bbox 1121 2373 1190 2423; x_wconf 86' lang='lat' dir='ltr'><strong>ut</strong></span> <span class='ocrx_word' id='word_1_197' title='bbox 1213 2364 1314 2443; x_wconf 86' lang='lat' dir='ltr'><strong>qui</strong></span> <span class='ocrx_word' id='word_1_198' title='bbox 1338 2364 1489 2428; x_wconf 82' lang='lat' dir='ltr'><strong>inter</strong></span> <span class='ocrx_word' id='word_1_199' title='bbox 1514 2364 1815 2425; x_wconf 80' lang='lat' dir='ltr'><strong>auxiliares</strong></span> <span class='ocrx_word' id='word_1_200' title='bbox 1836 2362 1997 2433; x_wconf 79' lang='lat' dir='ltr'><strong>haud</strong></span> <span class='ocrx_word' id='word_1_201' title='bbox 2022 2365 2237 2445; x_wconf 72' lang='lat' dir='ltr'><strong>exiguo</strong></span> <span class='ocrx_word' id='word_1_202' title='bbox 2254 2367 2389 2427; x_wconf 81' lang='lat' dir='ltr'><strong>loco</strong></span> 
     </span>
     <span class='ocr_line' id='line_1_24' title="bbox 213 2456 2395 2542; baseline 0.001 -26"><span class='ocrx_word' id='word_1_203' title='bbox 213 2458 452 2528; x_wconf 64' lang='lat' dir='ltr'><strong>fuisset,</strong></span> <span class='ocrx_word' id='word_1_204' title='bbox 480 2468 544 2517; x_wconf 88' lang='lat' dir='ltr'><strong>et</strong></span> <span class='ocrx_word' id='word_1_205' title='bbox 565 2477 698 2536; x_wconf 78' lang='lat' dir='ltr'><strong>quae</strong></span> <span class='ocrx_word' id='word_1_206' title='bbox 719 2456 800 2516; x_wconf 88' lang='lat' dir='ltr'><strong>ad</strong></span> <span class='ocrx_word' id='word_1_207' title='bbox 841 2456 1156 2535; x_wconf 83' lang='lat' dir='ltr'><strong>AEgyptum</strong></span> <span class='ocrx_word' id='word_1_208' title='bbox 1178 2456 1520 2535; x_wconf 78' lang='lat' dir='ltr'><strong>spectabant</strong></span> <span class='ocrx_word' id='word_1_209' title='bbox 1558 2456 1987 2517; x_wconf 81' lang='lat' dir='ltr'><strong>adcuratissime</strong></span> <span class='ocrx_word' id='word_1_210' title='bbox 2028 2458 2271 2537; x_wconf 73' lang='lat' dir='ltr'><strong>cognita</strong></span> <span class='ocrx_word' id='word_1_211' title='bbox 2286 2460 2395 2542; x_wconf 73' lang='lat' dir='ltr'><strong>ha-</strong></span> 
     </span>
     <span class='ocr_line' id='line_1_25' title="bbox 226 2547 2475 2628; baseline -0.001 -17"><span class='ocrx_word' id='word_1_212' title='bbox 226 2551 469 2621; x_wconf 82' lang='lat' dir='ltr'><strong>buisset,</strong></span> <span class='ocrx_word' id='word_1_213' title='bbox 499 2558 838 2628; x_wconf 85' lang='lat' dir='ltr'><strong>persecutus</strong></span> <span class='ocrx_word' id='word_1_214' title='bbox 863 2557 954 2609; x_wconf 84' lang='lat' dir='ltr'><strong>est</strong></span> <span class='ocrx_word' id='word_1_215' title='bbox 978 2548 1230 2619; x_wconf 70' lang='lat' dir='ltr'><strong>Amasis,</strong></span> <span class='ocrx_word' id='word_1_216' title='bbox 1255 2547 1511 2609; x_wconf 74' lang='lat' dir='ltr'><strong>studiose</strong></span> <span class='ocrx_word' id='word_1_217' title='bbox 1538 2548 1685 2607; x_wconf 83' lang='lat' dir='ltr'><strong>dans</strong></span> <span class='ocrx_word' id='word_1_218' title='bbox 1711 2567 1957 2627; x_wconf 73' lang='lat' dir='ltr'><strong>operum⁴</strong></span> <span class='ocrx_word' id='word_1_219' title='bbox 1973 2559 2038 2609; x_wconf 80' lang='grc' dir='ltr'><strong>ιιι</strong></span> <span class='ocrx_word' id='word_1_220' title='bbox 2078 2568 2205 2608; x_wconf 87' lang='lat' dir='ltr'><strong>eum</strong></span> <span class='ocrx_word' id='word_1_221' title='bbox 2228 2552 2392 2611; x_wconf 81' lang='lat' dir='ltr'><strong>&#39;exci-</strong></span> <span class='ocrx_word' id='word_1_222' title='bbox 2470 2562 2475 2569; x_wconf 84' lang='grc'><strong>’</strong></span> 
     </span>
     <span class='ocr_line' id='line_1_26' title="bbox 226 2638 2391 2723; baseline 0 -21"><span class='ocrx_word' id='word_1_223' title='bbox 226 2654 420 2721; x_wconf 79' lang='lat' dir='ltr'><strong>peret.</strong></span> <span class='ocrx_word' id='word_1_224' title='bbox 493 2639 844 2721; x_wconf 71' lang='lat' dir='ltr'><strong>Pei-secutus</strong></span> <span class='ocrx_word' id='word_1_225' title='bbox 869 2647 960 2701; x_wconf 83' lang='grc' dir='ltr'><strong>εει</strong></span> <span class='ocrx_word' id='word_1_226' title='bbox 1003 2650 1198 2699; x_wconf 83' lang='grc' dir='ltr'><strong>ειιιειιι</strong></span> <span class='ocrx_word' id='word_1_227' title='bbox 1225 2638 1417 2711; x_wconf 83' lang='lat' dir='ltr'><strong>misso,</strong></span> <span class='ocrx_word' id='word_1_228' title='bbox 1447 2658 1561 2718; x_wconf 88' lang='lat' dir='ltr'><strong>qua</strong></span> <span class='ocrx_word' id='word_1_229' title='bbox 1585 2639 1695 2701; x_wconf 88' lang='lat' dir='ltr'><strong>iter</strong></span> <span class='ocrx_word' id='word_1_230' title='bbox 1728 2639 1829 2699; x_wconf 77' lang='lat' dir='ltr'><strong>me</strong></span> <span class='ocrx_word' id='word_1_231' title='bbox 1855 2639 2162 2713; x_wconf 74' lang='lat' dir='ltr'><strong>direxerat,</strong></span> <span class='ocrx_word' id='word_1_232' title='bbox 2206 2662 2391 2723; x_wconf 83' lang='lat' dir='ltr'><strong>eunu-</strong></span> 
     </span>
     <span class='ocr_line' id='line_1_27' title="bbox 227 2729 2391 2835; baseline -0 -41"><span class='ocrx_word' id='word_1_233' title='bbox 227 2734 472 2803; x_wconf 82' lang='lat' dir='ltr'><strong>choru&#39;m</strong></span> <span class='ocrx_word' id='word_1_234' title='bbox 489 2732 830 2792; x_wconf 69' lang='lat' dir='ltr'><strong>fidelissimo</strong></span> <span class='ocrx_word' id='word_1_235' title='bbox 857 2751 992 2792; x_wconf 86' lang='lat' dir='ltr'><strong>cum</strong></span> <span class='ocrx_word' id='word_1_236' title='bbox 1017 2729 1256 2791; x_wconf 73' lang='lat' dir='ltr'><strong>triremi.</strong></span> <span class='ocrx_word' id='word_1_237' title='bbox 1337 2730 1422 2791; x_wconf 85' lang='grc' dir='ltr'><strong>Ει</strong></span> <span class='ocrx_word' id='word_1_238' title='bbox 1444 2730 1600 2835; x_wconf 90' lang='lat' dir='ltr'><strong>cepit</strong></span> <span class='ocrx_word' id='word_1_239' title='bbox 1636 2730 1868 2809; x_wconf 87' lang='lat' dir='ltr'><strong>quidem</strong></span> <span class='ocrx_word' id='word_1_240' title='bbox 1890 2732 2179 2793; x_wconf 87' lang='lat' dir='ltr'><strong>hominem</strong></span> <span class='ocrx_word' id='word_1_241' title='bbox 2209 2753 2391 2793; x_wconf 86' lang='lat' dir='ltr'><strong>eunu-</strong></span> 
     </span>
     <span class='ocr_line' id='line_1_28' title="bbox 233 2822 2393 2903; baseline 0 -16"><span class='ocrx_word' id='word_1_242' title='bbox 233 2824 423 2887; x_wconf 82' lang='lat' dir='ltr'><strong>chus</strong></span> <span class='ocrx_word' id='word_1_243' title='bbox 407 2845 467 2883; x_wconf 87' lang='lat' dir='ltr'><strong>m</strong></span> <span class='ocrx_word' id='word_1_244' title='bbox 493 2824 695 2903; x_wconf 75' lang='lat' dir='ltr'><strong>Lycia,</strong></span> <span class='ocrx_word' id='word_1_245' title='bbox 729 2824 834 2883; x_wconf 81' lang='lat' dir='ltr'><strong>sed</strong></span> <span class='ocrx_word' id='word_1_246' title='bbox 863 2834 1094 2903; x_wconf 84' lang='lat' dir='ltr'><strong>captum</strong></span> <span class='ocrx_word' id='word_1_247' title='bbox 1119 2840 1238 2883; x_wconf 85' lang='lat' dir='ltr'><strong>non</strong></span> <span class='ocrx_word' id='word_1_248' title='bbox 1255 2822 1535 2883; x_wconf 85' lang='lat' dir='ltr'><strong>reduxit</strong></span> <span class='ocrx_word' id='word_1_249' title='bbox 1518 2842 1579 2882; x_wconf 88' lang='grc' dir='ltr'><strong>ιιι</strong></span> <span class='ocrx_word' id='word_1_250' title='bbox 1604 2823 1967 2903; x_wconf 74' lang='lat' dir='ltr'><strong>AEgyptuni:</strong></span> <span class='ocrx_word' id='word_1_251' title='bbox 2022 2844 2155 2883; x_wconf 86' lang='lat' dir='ltr'><strong>nam</strong></span> <span class='ocrx_word' id='word_1_252' title='bbox 2182 2825 2393 2887; x_wconf 83' lang='lat' dir='ltr'><strong>astutia</strong></span> 
     </span>
     <span class='ocr_line' id='line_1_29' title="bbox 233 2911 2395 2995; baseline 0 -18"><span class='ocrx_word' id='word_1_253' title='bbox 233 2936 368 2978; x_wconf 83' lang='lat' dir='ltr'><strong>eum</strong></span> <span class='ocrx_word' id='word_1_254' title='bbox 397 2916 628 2977; x_wconf 86' lang='lat' dir='ltr'><strong>Phanes</strong></span> <span class='ocrx_word' id='word_1_255' title='bbox 655 2914 1048 2995; x_wconf 81' lang='lat' dir='ltr'><strong>circumvenit,</strong></span> <span class='ocrx_word' id='word_1_256' title='bbox 1076 2924 1138 2974; x_wconf 88' lang='lat' dir='ltr'><strong>et</strong></span> <span class='ocrx_word' id='word_1_257' title='bbox 1161 2914 1455 2975; x_wconf 83' lang='lat' dir='ltr'><strong>inebriatis</strong></span> <span class='ocrx_word' id='word_1_258' title='bbox 1483 2914 1817 2974; x_wconf 69' lang='lat' dir='ltr'><strong>custodibus</strong></span> <span class='ocrx_word' id='word_1_259' title='bbox 1858 2912 1933 2973; x_wconf 85' lang='lat' dir='ltr'><strong>ad</strong></span> <span class='ocrx_word' id='word_1_260' title='bbox 1959 2914 2165 2975; x_wconf 82' lang='lat' dir='ltr'><strong>Persas</strong></span> <span class='ocrx_word' id='word_1_261' title='bbox 2194 2911 2395 2977; x_wconf 75' lang='lat' dir='ltr'><strong>evasit.</strong></span> 
     </span>
     <span class='ocr_line' id='line_1_30' title="bbox 165 2993 2402 3087; baseline 0 -20"><span class='ocrx_word' id='word_1_262' title='bbox 165 3022 170 3025; x_wconf 84' lang='grc'><em>·</em></span> <span class='ocrx_word' id='word_1_263' title='bbox 233 3008 328 3068; x_wconf 91' lang='lat' dir='ltr'><strong>Ibi</strong></span> <span class='ocrx_word' id='word_1_264' title='bbox 353 3019 494 3073; x_wconf 84' lang='lat' dir='ltr'><strong>tunc</strong></span> <span class='ocrx_word' id='word_1_265' title='bbox 522 3006 852 3087; x_wconf 81' lang='lat' dir='ltr'><strong>Cambysen</strong></span> <span class='ocrx_word' id='word_1_266' title='bbox 874 3005 1034 3077; x_wconf 84' lang='lat' dir='ltr'><strong>adiit,</strong></span> <span class='ocrx_word' id='word_1_267' title='bbox 1062 3006 1380 3067; x_wconf 85' lang='lat' dir='ltr'><strong>exercitum</strong></span> <span class='ocrx_word' id='word_1_268' title='bbox 1401 3005 1679 3065; x_wconf 77' lang='lat' dir='ltr'><strong>adversus</strong></span> <span class='ocrx_word' id='word_1_269' title='bbox 1702 3005 2023 3084; x_wconf 78' lang='lat' dir='ltr'><strong>AEgyptum</strong></span> <span class='ocrx_word' id='word_1_270' title='bbox 2052 2993 2269 3067; x_wconf 86' lang='lat' dir='ltr'><strong>ducere</strong></span> <span class='ocrx_word' id='word_1_271' title='bbox 2294 3025 2402 3086; x_wconf 87' lang='lat' dir='ltr'><strong>pa-</strong></span> 
     </span>
     <span class='ocr_line' id='line_1_31' title="bbox 235 3096 2398 3183; baseline 0 -24"><span class='ocrx_word' id='word_1_272' title='bbox 235 3110 480 3170; x_wconf 79' lang='lat' dir='ltr'><strong>rantem,</strong></span> <span class='ocrx_word' id='word_1_273' title='bbox 506 3099 613 3160; x_wconf 81' lang='lat' dir='ltr'><strong>sed</strong></span> <span class='ocrx_word' id='word_1_274' title='bbox 637 3099 712 3158; x_wconf 89' lang='lat' dir='ltr'><strong>de</strong></span> <span class='ocrx_word' id='word_1_275' title='bbox 737 3098 946 3161; x_wconf 80' lang='lat' dir='ltr'><strong>itinere</strong></span> <span class='ocrx_word' id='word_1_276' title='bbox 967 3097 1326 3157; x_wconf 84' lang='lat' dir='ltr'><strong>dubitantem</strong></span> <span class='ocrx_word' id='word_1_277' title='bbox 1351 3116 1471 3177; x_wconf 84' lang='lat' dir='ltr'><strong>quo</strong></span> <span class='ocrx_word' id='word_1_278' title='bbox 1490 3106 1661 3176; x_wconf 79' lang='lat' dir='ltr'><strong>pacto</strong></span> <span class='ocrx_word' id='word_1_279' title='bbox 1688 3096 1987 3175; x_wconf 85' lang='lat' dir='ltr'><strong>regionem</strong></span> <span class='ocrx_word' id='word_1_280' title='bbox 2018 3116 2175 3177; x_wconf 87' lang='lat' dir='ltr'><strong>aqua</strong></span> <span class='ocrx_word' id='word_1_281' title='bbox 2196 3116 2398 3183; x_wconf 77' lang='lat' dir='ltr'><strong>caren-</strong></span> 
     </span>
     <span class='ocr_line' id='line_1_32' title="bbox 237 3176 2401 3269; baseline 0 -18"><span class='ocrx_word' id='word_1_282' title='bbox 237 3202 361 3253; x_wconf 84' lang='lat' dir='ltr'><strong>tem</strong></span> <span class='ocrx_word' id='word_1_283' title='bbox 386 3190 832 3259; x_wconf 81' lang='lat' dir='ltr'><strong>transmitteret,</strong></span> <span class='ocrx_word' id='word_1_284' title='bbox 859 3190 1026 3269; x_wconf 83' lang='lat' dir='ltr'><strong>eique</strong></span> <span class='ocrx_word' id='word_1_285' title='bbox 1053 3179 1229 3267; x_wconf 73' lang='lat' dir='ltr'><strong>quum</strong></span> <span class='ocrx_word' id='word_1_286' title='bbox 1249 3188 1362 3249; x_wconf 87' lang='lat' dir='ltr'><strong>alia</strong></span> <span class='ocrx_word' id='word_1_287' title='bbox 1385 3189 1463 3251; x_wconf 82' lang='lat' dir='ltr'><strong>ad</strong></span> <span class='ocrx_word' id='word_1_288' title='bbox 1476 3208 1571 3249; x_wconf 86' lang='lat' dir='ltr'><strong>res</strong></span> <span class='ocrx_word' id='word_1_289' title='bbox 1600 3187 1887 3249; x_wconf 78' lang='lat' dir='ltr'><strong>Amasidis</strong></span> <span class='ocrx_word' id='word_1_290' title='bbox 1912 3190 2253 3269; x_wconf 73' lang='lat' dir='ltr'><strong>spectantia,</strong></span> <span class='ocrx_word' id='word_1_291' title='bbox 2273 3176 2401 3253; x_wconf 80' lang='lat' dir='ltr'><strong>tum</strong></span> 
     </span>
     <span class='ocr_line' id='line_1_33' title="bbox 237 3280 2401 3363; baseline -0.001 -18"><span class='ocrx_word' id='word_1_292' title='bbox 237 3283 458 3349; x_wconf 76' lang='lat' dir='ltr'><strong>itineris</strong></span> <span class='ocrx_word' id='word_1_293' title='bbox 499 3282 770 3345; x_wconf 83' lang='lat' dir='ltr'><strong>faciendi</strong></span> <span class='ocrx_word' id='word_1_294' title='bbox 785 3282 1068 3343; x_wconf 85' lang='lat' dir='ltr'><strong>rationem</strong></span> <span class='ocrx_word' id='word_1_295' title='bbox 1106 3280 1400 3361; x_wconf 70' lang='lat' dir='ltr'><strong>exposuit,</strong></span> <span class='ocrx_word' id='word_1_296' title='bbox 1428 3300 1689 3352; x_wconf 86' lang='lat' dir='ltr'><strong>monens,</strong></span> <span class='ocrx_word' id='word_1_297' title='bbox 1728 3281 1904 3339; x_wconf 69' lang='lat' dir='ltr'><strong>missis</strong></span> <span class='ocrx_word' id='word_1_298' title='bbox 1942 3283 2141 3363; x_wconf 67' lang='lat' dir='ltr'><strong>legam</strong></span> <span class='ocrx_word' id='word_1_299' title='bbox 2176 3282 2401 3363; x_wconf 69' lang='lat' dir='ltr'><strong>rogaret</strong></span> 
     </span>
     <span class='ocr_line' id='line_1_34' title="bbox 241 3374 1903 3453; baseline -0.002 -18"><span class='ocrx_word' id='word_1_300' title='bbox 241 3376 500 3437; x_wconf 68' lang='lat' dir='ltr'><strong>Arabum</strong></span> <span class='ocrx_word' id='word_1_301' title='bbox 513 3395 712 3453; x_wconf 78' lang='lat' dir='ltr'><strong>regem,</strong></span> <span class='ocrx_word' id='word_1_302' title='bbox 739 3384 804 3433; x_wconf 80' lang='lat' dir='ltr'><strong>ut</strong></span> <span class='ocrx_word' id='word_1_303' title='bbox 821 3382 1007 3433; x_wconf 70' lang='lat' dir='ltr'><strong>tutum</strong></span> <span class='ocrx_word' id='word_1_304' title='bbox 1035 3375 1124 3434; x_wconf 67' lang='lat' dir='ltr'><strong>ille</strong></span> <span class='ocrx_word' id='word_1_305' title='bbox 1151 3376 1443 3431; x_wconf 77' lang='lat' dir='ltr'><strong>transitum</strong></span> <span class='ocrx_word' id='word_1_306' title='bbox 1466 3374 1570 3431; x_wconf 74' lang='lat' dir='ltr'><strong>sibi</strong></span> <span class='ocrx_word' id='word_1_307' title='bbox 1590 3380 1903 3449; x_wconf 58' lang='lat' dir='ltr'><strong>praestaret.</strong></span> 
     </span>
    </p>

    <p class='ocr_par' dir='ltr' id='par_1_9' title="bbox 243 3464 2417 4463">
     <span class='ocr_line' id='line_1_35' title="bbox 317 3464 2405 3547; baseline -0.001 -16"><span class='ocrx_word' id='word_1_308' title='bbox 317 3474 380 3531; x_wconf 83' lang='grc'><strong>5.</strong></span> <span class='ocrx_word' id='word_1_309' title='bbox 421 3467 596 3527; x_wconf 83' lang='grc' dir='ltr'><strong>Ρειει</strong></span> <span class='ocrx_word' id='word_1_310' title='bbox 613 3476 809 3527; x_wconf 84' lang='grc' dir='ltr'><strong>ειιιειιι</strong></span> <span class='ocrx_word' id='word_1_311' title='bbox 834 3467 948 3527; x_wconf 85' lang='lat' dir='ltr'><strong>hac</strong></span> <span class='ocrx_word' id='word_1_312' title='bbox 969 3486 1096 3527; x_wconf 84' lang='lat' dir='ltr'><strong>una</strong></span> <span class='ocrx_word' id='word_1_313' title='bbox 1111 3464 1200 3525; x_wconf 84' lang='lat' dir='ltr'><strong>via</strong></span> <span class='ocrx_word' id='word_1_314' title='bbox 1219 3465 1519 3547; x_wconf 85' lang='lat' dir='ltr'><strong>ingressus</strong></span> <span class='ocrx_word' id='word_1_315' title='bbox 1531 3464 1593 3523; x_wconf 87' lang='grc' dir='ltr'><strong>ιιι</strong></span> <span class='ocrx_word' id='word_1_316' title='bbox 1614 3465 1957 3545; x_wconf 78' lang='lat' dir='ltr'><strong>AEgyptum.</strong></span> <span class='ocrx_word' id='word_1_317' title='bbox 1998 3467 2149 3527; x_wconf 85' lang='lat' dir='ltr'><strong>Nam</strong></span> <span class='ocrx_word' id='word_1_318' title='bbox 2172 3489 2209 3528; x_wconf 87' lang='lat' dir='ltr'><strong>a</strong></span> <span class='ocrx_word' id='word_1_319' title='bbox 2233 3469 2405 3529; x_wconf 72' lang='lat' dir='ltr'><strong>th-</strong></span> 
     </span>
     <span class='ocr_line' id='line_1_36' title="bbox 243 3556 2407 3645; baseline 0 -23"><span class='ocrx_word' id='word_1_320' title='bbox 243 3560 394 3622; x_wconf 83' lang='lat' dir='ltr'><strong>nicia</strong></span> <span class='ocrx_word' id='word_1_321' title='bbox 413 3578 601 3637; x_wconf 80' lang='lat' dir='ltr'><strong>usque</strong></span> <span class='ocrx_word' id='word_1_322' title='bbox 623 3558 698 3619; x_wconf 87' lang='lat' dir='ltr'><strong>ad</strong></span> <span class='ocrx_word' id='word_1_323' title='bbox 719 3558 864 3635; x_wconf 77' lang='lat' dir='ltr'><strong>fines</strong></span> <span class='ocrx_word' id='word_1_324' title='bbox 891 3557 1129 3639; x_wconf 82' lang='lat' dir='ltr'><strong>Cadytis</strong></span> <span class='ocrx_word' id='word_1_325' title='bbox 1154 3557 1346 3628; x_wconf 86' lang='lat' dir='ltr'><strong>urbis,</strong></span> <span class='ocrx_word' id='word_1_326' title='bbox 1373 3556 1651 3635; x_wconf 85' lang='lat' dir='ltr'><strong>Syrorum</strong></span> <span class='ocrx_word' id='word_1_327' title='bbox 1675 3568 1845 3617; x_wconf 87' lang='lat' dir='ltr'><strong>terra</strong></span> <span class='ocrx_word' id='word_1_328' title='bbox 1858 3567 1963 3629; x_wconf 84' lang='lat' dir='ltr'><strong>est,</strong></span> <span class='ocrx_word' id='word_1_329' title='bbox 1990 3560 2087 3637; x_wconf 86' lang='lat' dir='ltr'><strong>qui</strong></span> <span class='ocrx_word' id='word_1_330' title='bbox 2114 3560 2407 3645; x_wconf 72' lang='lat' dir='ltr'><strong>Palaestini</strong></span> 
     </span>
     <span class='ocr_line' id='line_1_37' title="bbox 243 3649 2404 3730; baseline 0.001 -19"><span class='ocrx_word' id='word_1_331' title='bbox 243 3662 562 3715; x_wconf 73' lang='lat' dir='ltr'><strong>vocantur.</strong></span> <span class='ocrx_word' id='word_1_332' title='bbox 603 3659 640 3710; x_wconf 85' lang='grc' dir='ltr'><strong>ε’</strong></span> <span class='ocrx_word' id='word_1_333' title='bbox 667 3650 880 3730; x_wconf 83' lang='lat' dir='ltr'><strong>Cadyti</strong></span> <span class='ocrx_word' id='word_1_334' title='bbox 909 3652 1074 3729; x_wconf 73' lang='lat' dir='ltr'><strong>(qum</strong></span> <span class='ocrx_word' id='word_1_335' title='bbox 1093 3662 1184 3710; x_wconf 87' lang='lat' dir='ltr'><strong>est</strong></span> <span class='ocrx_word' id='word_1_336' title='bbox 1213 3650 1348 3709; x_wconf 87' lang='lat' dir='ltr'><strong>urbs</strong></span> <span class='ocrx_word' id='word_1_337' title='bbox 1373 3649 1533 3709; x_wconf 85' lang='lat' dir='ltr'><strong>haud</strong></span> <span class='ocrx_word' id='word_1_338' title='bbox 1556 3650 1739 3717; x_wconf 83' lang='lat' dir='ltr'><strong>multo</strong></span> <span class='ocrx_word' id='word_1_339' title='bbox 1764 3650 1969 3723; x_wconf 81' lang='lat' dir='ltr'><strong>minor,</strong></span> <span class='ocrx_word' id='word_1_340' title='bbox 1996 3660 2058 3711; x_wconf 92' lang='lat' dir='ltr'><strong>ut</strong></span> <span class='ocrx_word' id='word_1_341' title='bbox 2082 3652 2221 3711; x_wconf 85' lang='lat' dir='ltr'><strong>mihi</strong></span> <span class='ocrx_word' id='word_1_342' title='bbox 2244 3653 2404 3715; x_wconf 82' lang='lat' dir='ltr'><strong>vide-</strong></span> 
     </span>
     <span class='ocr_line' id='line_1_38' title="bbox 245 3740 2403 3824; baseline 0.002 -21"><span class='ocrx_word' id='word_1_343' title='bbox 245 3756 360 3820; x_wconf 83' lang='lat' dir='ltr'><strong>tur,</strong></span> <span class='ocrx_word' id='word_1_344' title='bbox 391 3742 696 3819; x_wconf 74' lang='lat' dir='ltr'><strong>Sardibus)</strong></span> <span class='ocrx_word' id='word_1_345' title='bbox 725 3742 978 3821; x_wconf 85' lang='lat' dir='ltr'><strong>emporia</strong></span> <span class='ocrx_word' id='word_1_346' title='bbox 1003 3742 1093 3801; x_wconf 88' lang='lat' dir='ltr'><strong>ad</strong></span> <span class='ocrx_word' id='word_1_347' title='bbox 1117 3760 1273 3801; x_wconf 83' lang='lat' dir='ltr'><strong>mare</strong></span> <span class='ocrx_word' id='word_1_348' title='bbox 1313 3740 1443 3811; x_wconf 89' lang='lat' dir='ltr'><strong>sita,</strong></span> <span class='ocrx_word' id='word_1_349' title='bbox 1480 3760 1663 3820; x_wconf 85' lang='lat' dir='ltr'><strong>nsque</strong></span> <span class='ocrx_word' id='word_1_350' title='bbox 1690 3742 1785 3803; x_wconf 86' lang='lat' dir='ltr'><strong>ad</strong></span> <span class='ocrx_word' id='word_1_351' title='bbox 1803 3743 2070 3823; x_wconf 83' lang='lat' dir='ltr'><strong>Ienysum</strong></span> <span class='ocrx_word' id='word_1_352' title='bbox 2098 3745 2403 3824; x_wconf 86' lang='lat' dir='ltr'><strong>oppidum,</strong></span> 
     </span>
     <span class='ocr_line' id='line_1_39' title="bbox 249 3833 2409 3915; baseline 0.002 -21"><span class='ocrx_word' id='word_1_353' title='bbox 249 3846 404 3897; x_wconf 80' lang='lat' dir='ltr'><strong>sunt·</strong></span> <span class='ocrx_word' id='word_1_354' title='bbox 411 3833 644 3893; x_wconf 86' lang='lat' dir='ltr'><strong>ditionis</strong></span> <span class='ocrx_word' id='word_1_355' title='bbox 662 3833 902 3893; x_wconf 86' lang='lat' dir='ltr'><strong>Arabici</strong></span> <span class='ocrx_word' id='word_1_356' title='bbox 925 3834 1112 3911; x_wconf 85' lang='lat' dir='ltr'><strong>regis:</strong></span> <span class='ocrx_word' id='word_1_357' title='bbox 1141 3834 1213 3893; x_wconf 88' lang='lat' dir='ltr'><strong>ab</strong></span> <span class='ocrx_word' id='word_1_358' title='bbox 1242 3833 1457 3913; x_wconf 78' lang='lat' dir='ltr'><strong>Ienyso</strong></span> <span class='ocrx_word' id='word_1_359' title='bbox 1472 3852 1671 3893; x_wconf 85' lang='lat' dir='ltr'><strong>rursus</strong></span> <span class='ocrx_word' id='word_1_360' title='bbox 1679 3834 1980 3913; x_wconf 69' lang='lat' dir='ltr'><strong>Syrorum,</strong></span> <span class='ocrx_word' id='word_1_361' title='bbox 1996 3833 2143 3895; x_wconf 88' lang='lat' dir='ltr'><strong>ditio</strong></span> <span class='ocrx_word' id='word_1_362' title='bbox 2154 3836 2409 3915; x_wconf 82' lang='lat' dir='ltr'><strong>pertinet</strong></span> 
     </span>
     <span class='ocr_line' id='line_1_40' title="bbox 251 3921 2409 4003; baseline 0.002 -17"><span class='ocrx_word' id='word_1_363' title='bbox 251 3927 328 3986; x_wconf 87' lang='lat' dir='ltr'><strong>ad</strong></span> <span class='ocrx_word' id='word_1_364' title='bbox 368 3925 752 3988; x_wconf 81' lang='lat' dir='ltr'><strong>Serbonidein</strong></span> <span class='ocrx_word' id='word_1_365' title='bbox 793 3944 977 4003; x_wconf 80' lang='lat' dir='ltr'><strong>usque</strong></span> <span class='ocrx_word' id='word_1_366' title='bbox 1023 3925 1238 3995; x_wconf 86' lang='lat' dir='ltr'><strong>lacum,</strong></span> <span class='ocrx_word' id='word_1_367' title='bbox 1253 3930 1439 4000; x_wconf 62' lang='lat' dir='ltr'><strong>juxta</strong></span> <span class='ocrx_word' id='word_1_368' title='bbox 1460 3921 1651 4003; x_wconf 75' lang='lat' dir='ltr'><strong>&#39;quem</strong></span> <span class='ocrx_word' id='word_1_369' title='bbox 1691 3925 1893 3985; x_wconf 83' lang='lat' dir='ltr'><strong>Casius</strong></span> <span class='ocrx_word' id='word_1_370' title='bbox 1932 3944 2097 3985; x_wconf 83' lang='lat' dir='ltr'><strong>mons</strong></span> <span class='ocrx_word' id='word_1_371' title='bbox 2134 3928 2211 3987; x_wconf 89' lang='lat' dir='ltr'><strong>ad</strong></span> <span class='ocrx_word' id='word_1_372' title='bbox 2248 3948 2409 3991; x_wconf 84' lang='lat' dir='ltr'><strong>mare</strong></span> 
     </span>
     <span class='ocr_line' id='line_1_41' title="bbox 249 4006 2409 4101; baseline 0.002 -24"><span class='ocrx_word' id='word_1_373' title='bbox 249 4017 593 4097; x_wconf 74' lang='lat' dir='ltr'><strong>porrigitur:</strong></span> <span class='ocrx_word' id='word_1_374' title='bbox 635 4036 672 4077; x_wconf 88' lang='lat' dir='ltr'><strong>a</strong></span> <span class='ocrx_word' id='word_1_375' title='bbox 701 4016 1022 4077; x_wconf 82' lang='lat' dir='ltr'><strong>Serbonide</strong></span> <span class='ocrx_word' id='word_1_376' title='bbox 1052 4017 1204 4086; x_wconf 87' lang='lat' dir='ltr'><strong>lacu,</strong></span> <span class='ocrx_word' id='word_1_377' title='bbox 1231 4016 1292 4075; x_wconf 90' lang='lat' dir='ltr'><strong>in</strong></span> <span class='ocrx_word' id='word_1_378' title='bbox 1318 4036 1435 4096; x_wconf 83' lang='lat' dir='ltr'><strong>quo</strong></span> <span class='ocrx_word' id='word_1_379' title='bbox 1475 4016 1831 4101; x_wconf 82' lang='lat' dir='ltr'><strong>occultatum</strong></span> <span class='ocrx_word' id='word_1_380' title='bbox 1858 4006 2409 4095; x_wconf 77' lang='lat' dir='ltr'><strong>Typhonemaiunt,</strong></span> 
     </span>
     <span class='ocr_line' id='line_1_42' title="bbox 253 4107 2415 4189; baseline -0 -16"><span class='ocrx_word' id='word_1_381' title='bbox 253 4114 324 4173; x_wconf 85' lang='lat' dir='ltr'><strong>ab</strong></span> <span class='ocrx_word' id='word_1_382' title='bbox 352 4111 458 4169; x_wconf 87' lang='lat' dir='ltr'><strong>illo</strong></span> <span class='ocrx_word' id='word_1_383' title='bbox 475 4111 602 4187; x_wconf 79' lang='lat' dir='ltr'><strong>jam</strong></span> <span class='ocrx_word' id='word_1_384' title='bbox 627 4108 919 4188; x_wconf 78' lang='lat' dir='ltr'><strong>AEgyptus</strong></span> <span class='ocrx_word' id='word_1_385' title='bbox 947 4118 1064 4167; x_wconf 77' lang='lat' dir='ltr'><strong>est..</strong></span> <span class='ocrx_word' id='word_1_386' title='bbox 1135 4109 1288 4177; x_wconf 84' lang='lat' dir='ltr'><strong>Jam,</strong></span> <span class='ocrx_word' id='word_1_387' title='bbox 1317 4107 1416 4186; x_wconf 88' lang='lat' dir='ltr'><strong>qui</strong></span> <span class='ocrx_word' id='word_1_388' title='bbox 1440 4108 1592 4167; x_wconf 88' lang='lat' dir='ltr'><strong>inter</strong></span> <span class='ocrx_word' id='word_1_389' title='bbox 1610 4108 1885 4185; x_wconf 79' lang='lat' dir='ltr'><strong>Ienysum</strong></span> <span class='ocrx_word' id='word_1_390' title='bbox 1914 4109 2183 4189; x_wconf 80' lang='lat' dir='ltr'><strong>oppidum</strong></span> <span class='ocrx_word' id='word_1_391' title='bbox 2210 4122 2271 4171; x_wconf 88' lang='lat' dir='ltr'><strong>et</strong></span> <span class='ocrx_word' id='word_1_392' title='bbox 2299 4113 2415 4172; x_wconf 81' lang='lat' dir='ltr'><strong>Ca-</strong></span> 
     </span>
     <span class='ocr_line' id='line_1_43' title="bbox 254 4198 2417 4281; baseline 0 -18"><span class='ocrx_word' id='word_1_393' title='bbox 254 4202 401 4263; x_wconf 77' lang='lat' dir='ltr'><strong>sium</strong></span> <span class='ocrx_word' id='word_1_394' title='bbox 442 4210 698 4261; x_wconf 85' lang='lat' dir='ltr'><strong>montem</strong></span> <span class='ocrx_word' id='word_1_395' title='bbox 742 4198 1238 4279; x_wconf 71' lang='lat' dir='ltr'><strong>Serbonidenque</strong></span> <span class='ocrx_word' id='word_1_396' title='bbox 1265 4199 1455 4258; x_wconf 87' lang='lat' dir='ltr'><strong>lacum</strong></span> <span class='ocrx_word' id='word_1_397' title='bbox 1492 4199 1821 4279; x_wconf 71' lang='lat' dir='ltr'><strong>interjectus</strong></span> <span class='ocrx_word' id='word_1_398' title='bbox 1858 4211 2081 4260; x_wconf 87' lang='lat' dir='ltr'><strong>tractus</strong></span> <span class='ocrx_word' id='word_1_399' title='bbox 2108 4212 2223 4273; x_wconf 82' lang='lat' dir='ltr'><strong>est,</strong></span> <span class='ocrx_word' id='word_1_400' title='bbox 2257 4202 2417 4281; x_wconf 73' lang='lat' dir='ltr'><strong>haud</strong></span> 
     </span>
     <span class='ocr_line' id='line_1_44' title="bbox 253 4289 2417 4373; baseline 0 -22"><span class='ocrx_word' id='word_1_401' title='bbox 253 4291 636 4369; x_wconf 78' lang='lat' dir='ltr'><strong>ille-exiguus,</strong></span> <span class='ocrx_word' id='word_1_402' title='bbox 663 4290 772 4355; x_wconf 80' lang='lat' dir='ltr'><strong>sed</strong></span> <span class='ocrx_word' id='word_1_403' title='bbox 795 4290 966 4351; x_wconf 88' lang='lat' dir='ltr'><strong>tridui</strong></span> <span class='ocrx_word' id='word_1_404' title='bbox 983 4289 1108 4351; x_wconf 85' lang='lat' dir='ltr'><strong>fere</strong></span> <span class='ocrx_word' id='word_1_405' title='bbox 1125 4290 1328 4351; x_wconf 86' lang='lat' dir='ltr'><strong>itinere</strong></span> <span class='ocrx_word' id='word_1_406' title='bbox 1343 4289 1404 4349; x_wconf 85' lang='lat' dir='ltr'><strong>in</strong></span> <span class='ocrx_word' id='word_1_407' title='bbox 1428 4290 1841 4371; x_wconf 69' lang='lat' dir='ltr'><strong>longitudinem</strong></span> <span class='ocrx_word' id='word_1_408' title='bbox 1866 4302 2091 4371; x_wconf 88' lang='lat' dir='ltr'><strong>patens,</strong></span> <span class='ocrx_word' id='word_1_409' title='bbox 2112 4292 2161 4351; x_wconf 82' lang='lat' dir='ltr'><strong>is</strong></span> <span class='ocrx_word' id='word_1_410' title='bbox 2184 4311 2417 4373; x_wconf 66' lang='lat' dir='ltr'><strong>prorum</strong></span> 
     </span>
     <span class='ocr_line' id='line_1_45' title="bbox 265 4383 866 4463; baseline 0.002 -20"><span class='ocrx_word' id='word_1_411' title='bbox 265 4399 540 4461; x_wconf 82' lang='lat' dir='ltr'><strong>aquarum</strong></span> <span class='ocrx_word' id='word_1_412' title='bbox 565 4392 654 4445; x_wconf 78' lang='lat' dir='ltr'><strong>est</strong></span> <span class='ocrx_word' id='word_1_413' title='bbox 684 4383 866 4463; x_wconf 80' lang='lat' dir='ltr'><strong>inops.</strong></span> 
     </span>
    </p>
   </div>
  </div>
 </body>
</html>
