<?xml version="1.0" encoding="UTF-8"?>
<!DOCTYPE html PUBLIC "-//W3C//DTD XHTML 1.0 Transitional//EN"
    "http://www.w3.org/TR/xhtml1/DTD/xhtml1-transitional.dtd">
<html xmlns="http://www.w3.org/1999/xhtml" xml:lang="en" lang="en">
 <head>
  <title>
</title>
<meta http-equiv="Content-Type" content="text/html;charset=utf-8" />
  <meta name='ocr-system' content='tesseract 3.04.00' />
  <meta name='ocr-capabilities' content='ocr_page ocr_carea ocr_par ocr_line ocrx_word'/>
</head>
<body>
  <div class='ocr_page' id='page_1' title='image "./herodotimussive00wessgoog_0014.png"; bbox 0 0 2817 4792; ppageno 0'>
   <div class='ocr_carea' id='block_1_1' title="bbox 366 290 1915 386">
    <p class='ocr_par' dir='ltr' id='par_1_1' title="bbox 366 290 1915 386">
     <span class='ocr_line' id='line_1_1' title="bbox 366 290 1915 386; baseline 0.001 -23"><span class='ocrx_word' id='word_1_1' title='bbox 366 305 411 386; x_wconf 58' lang='grc' dir='ltr'><strong>ι</strong></span> <span class='ocrx_word' id='word_1_2' title='bbox 982 301 1439 384; x_wconf 67' lang='grc' dir='ltr'><strong>ΗΕιιουοῖιι</strong></span> <span class='ocrx_word' id='word_1_3' title='bbox 1478 290 1817 379; x_wconf 75' lang='lat' dir='ltr'><strong>ms‘ron.</strong></span> <span class='ocrx_word' id='word_1_4' title='bbox 1857 303 1915 364; x_wconf 92' lang='lat'><strong>1.</strong></span> 
     </span>
    </p>
   </div>
   <div class='ocr_carea' id='block_1_2' title="bbox 352 427 2817 1984">
    <p class='ocr_par' dir='ltr' id='par_1_2' title="bbox 362 427 2575 513">
     <span class='ocr_line' id='line_1_2' title="bbox 362 427 2575 513; baseline -0.004 -15"><span class='ocrx_word' id='word_1_5' title='bbox 362 431 610 498; x_wconf 63' lang='lat' dir='ltr'><strong>rationes</strong></span> <span class='ocrx_word' id='word_1_6' title='bbox 635 433 902 513; x_wconf 80' lang='lat' dir='ltr'>equidem</span> <span class='ocrx_word' id='word_1_7' title='bbox 927 434 1100 507; x_wconf 83' lang='lat' dir='ltr'>inibo,</span> <span class='ocrx_word' id='word_1_8' title='bbox 1143 445 1210 494; x_wconf 90' lang='lat' dir='ltr'><strong>ut</strong></span> <span class='ocrx_word' id='word_1_9' title='bbox 1234 435 1335 511; x_wconf 80' lang='lat' dir='ltr'><strong>illa</strong></span> <span class='ocrx_word' id='word_1_10' title='bbox 1355 453 1433 494; x_wconf 90' lang='lat' dir='ltr'><strong>ne</strong></span> <span class='ocrx_word' id='word_1_11' title='bbox 1466 433 1832 496; x_wconf 76' lang='lat' dir='ltr'><strong>intellectura</strong></span> <span class='ocrx_word' id='word_1_12' title='bbox 1856 431 1931 491; x_wconf 80' lang='lat' dir='ltr'><strong>sit</strong></span> <span class='ocrx_word' id='word_1_13' title='bbox 1956 430 2205 510; x_wconf 82' lang='lat' dir='ltr'><strong>quidem,</strong></span> <span class='ocrx_word' id='word_1_14' title='bbox 2234 427 2372 494; x_wconf 78' lang='lat' dir='ltr'><strong>&#39;esse</strong></span> <span class='ocrx_word' id='word_1_15' title='bbox 2390 441 2575 511; x_wconf 35' lang='grc' dir='ltr'><strong>ερας..</strong></span> 
     </span>
    </p>

    <p class='ocr_par' dir='ltr' id='par_1_3' title="bbox 362 524 2537 608">
     <span class='ocr_line' id='line_1_3' title="bbox 362 524 2537 608; baseline -0.002 -22"><span class='ocrx_word' id='word_1_16' title='bbox 362 531 423 596; x_wconf 80' lang='lat' dir='ltr'><strong>te</strong></span> <span class='ocrx_word' id='word_1_17' title='bbox 449 532 846 605; x_wconf 77' lang='lat' dir='ltr'><strong>conspectam.;</strong></span> <span class='ocrx_word' id='word_1_18' title='bbox 919 528 1008 587; x_wconf 90' lang='lat' dir='ltr'><strong>Te</strong></span> <span class='ocrx_word' id='word_1_19' title='bbox 1035 527 1184 586; x_wconf 87' lang='lat' dir='ltr'><strong>enim</strong></span> <span class='ocrx_word' id='word_1_20' title='bbox 1210 539 1345 606; x_wconf 88' lang='lat' dir='ltr'><strong>post</strong></span> <span class='ocrx_word' id='word_1_21' title='bbox 1363 538 1625 606; x_wconf 86' lang='lat' dir='ltr'><strong>apertam</strong></span> <span class='ocrx_word' id='word_1_22' title='bbox 1642 528 1879 608; x_wconf 84' lang='lat' dir='ltr'><strong>januam</strong></span> <span class='ocrx_word' id='word_1_23' title='bbox 1894 524 2179 608; x_wconf 77' lang='lat' dir='ltr'><strong>cubiculi,</strong></span> <span class='ocrx_word' id='word_1_24' title='bbox 2204 524 2261 582; x_wconf 89' lang='lat' dir='ltr'><strong>in</strong></span> <span class='ocrx_word' id='word_1_25' title='bbox 2286 543 2401 602; x_wconf 89' lang='lat' dir='ltr'><strong>quo</strong></span> <span class='ocrx_word' id='word_1_26' title='bbox 2424 543 2537 600; x_wconf 67' lang='grc' dir='ltr'><strong>(ιω,</strong></span> 
     </span>
    </p>

    <p class='ocr_par' dir='ltr' id='par_1_4' title="bbox 360 611 2533 702">
     <span class='ocr_line' id='line_1_4' title="bbox 360 611 2533 702; baseline 0 -28"><span class='ocrx_word' id='word_1_27' title='bbox 360 615 584 686; x_wconf 81' lang='lat' dir='ltr'><strong>bamus,</strong></span> <span class='ocrx_word' id='word_1_28' title='bbox 601 611 921 684; x_wconf 83' lang='lat' dir='ltr'><strong>collocabo.</strong></span> <span class='ocrx_word' id='word_1_29' title='bbox 963 619 1284 698; x_wconf 83' lang='lat' dir='ltr'><strong>Postquam</strong></span> <span class='ocrx_word' id='word_1_30' title='bbox 1300 638 1415 697; x_wconf 87' lang='lat' dir='ltr'><strong>ego</strong></span> <span class='ocrx_word' id='word_1_31' title='bbox 1430 638 1532 678; x_wconf 88' lang='lat' dir='ltr'><strong>ero</strong></span> <span class='ocrx_word' id='word_1_32' title='bbox 1545 617 1855 700; x_wconf 84' lang='lat' dir='ltr'><strong>ingressus,</strong></span> <span class='ocrx_word' id='word_1_33' title='bbox 1872 615 2058 677; x_wconf 87' lang='lat' dir='ltr'><strong>aderit</strong></span> <span class='ocrx_word' id='word_1_34' title='bbox 2078 627 2141 676; x_wconf 91' lang='lat' dir='ltr'><strong>et</strong></span> <span class='ocrx_word' id='word_1_35' title='bbox 2156 619 2305 702; x_wconf 72' lang='lat' dir='ltr'><strong>nitor</strong></span> <span class='ocrx_word' id='word_1_36' title='bbox 2322 634 2457 674; x_wconf 87' lang='lat' dir='ltr'><strong>mea</strong></span> <span class='ocrx_word' id='word_1_37' title='bbox 2468 613 2533 675; x_wconf 81' lang='lat' dir='ltr'><strong>in</strong></span> 
     </span>
    </p>

    <p class='ocr_par' dir='ltr' id='par_1_5' title="bbox 361 707 2537 791">
     <span class='ocr_line' id='line_1_5' title="bbox 361 707 2537 791; baseline -0.002 -24"><span class='ocrx_word' id='word_1_38' title='bbox 361 708 726 770; x_wconf 84' lang='lat' dir='ltr'><strong>cubiculum:</strong></span> <span class='ocrx_word' id='word_1_39' title='bbox 752 711 947 790; x_wconf 83' lang='lat' dir='ltr'><strong>posita</strong></span> <span class='ocrx_word' id='word_1_40' title='bbox 965 722 1054 772; x_wconf 88' lang='lat' dir='ltr'><strong>est</strong></span> <span class='ocrx_word' id='word_1_41' title='bbox 1077 721 1273 771; x_wconf 88' lang='lat' dir='ltr'><strong>autem</strong></span> <span class='ocrx_word' id='word_1_42' title='bbox 1291 730 1474 791; x_wconf 84' lang='lat' dir='ltr'><strong>prope</strong></span> <span class='ocrx_word' id='word_1_43' title='bbox 1498 709 1792 770; x_wconf 73' lang='lat' dir='ltr'><strong>introitum</strong></span> <span class='ocrx_word' id='word_1_44' title='bbox 1812 709 1973 778; x_wconf 86' lang='lat' dir='ltr'><strong>sella,</strong></span> <span class='ocrx_word' id='word_1_45' title='bbox 1994 708 2055 766; x_wconf 89' lang='lat' dir='ltr'><strong>in</strong></span> <span class='ocrx_word' id='word_1_46' title='bbox 2084 727 2200 788; x_wconf 86' lang='lat' dir='ltr'><strong>qua</strong></span> <span class='ocrx_word' id='word_1_47' title='bbox 2222 707 2321 766; x_wconf 90' lang='lat' dir='ltr'><strong>illa</strong></span> <span class='ocrx_word' id='word_1_48' title='bbox 2339 716 2537 766; x_wconf 84' lang='lat' dir='ltr'><strong>vestes.</strong></span> 
     </span>
    </p>

    <p class='ocr_par' dir='ltr' id='par_1_6' title="bbox 359 797 2533 882">
     <span class='ocr_line' id='line_1_6' title="bbox 359 797 2533 882; baseline -0.002 -21"><span class='ocrx_word' id='word_1_49' title='bbox 359 815 512 872; x_wconf 73' lang='lat' dir='ltr'><strong>suaS,</strong></span> <span class='ocrx_word' id='word_1_50' title='bbox 544 800 718 862; x_wconf 84' lang='lat' dir='ltr'><strong>aliam</strong></span> <span class='ocrx_word' id='word_1_51' title='bbox 734 811 870 882; x_wconf 88' lang='lat' dir='ltr'><strong>post</strong></span> <span class='ocrx_word' id='word_1_52' title='bbox 891 803 1059 864; x_wconf 89' lang='lat' dir='ltr'><strong>aliam</strong></span> <span class='ocrx_word' id='word_1_53' title='bbox 1087 821 1322 881; x_wconf 87' lang='lat' dir='ltr'><strong>exuens,</strong></span> <span class='ocrx_word' id='word_1_54' title='bbox 1351 803 1641 881; x_wconf 87' lang='lat' dir='ltr'><strong>deponet:</strong></span> <span class='ocrx_word' id='word_1_55' title='bbox 1682 800 1765 860; x_wconf 90' lang='lat' dir='ltr'><strong>ibi</strong></span> <span class='ocrx_word' id='word_1_56' title='bbox 1795 811 1937 860; x_wconf 87' lang='lat' dir='ltr'><strong>tunc</strong></span> <span class='ocrx_word' id='word_1_57' title='bbox 1972 799 2196 860; x_wconf 86' lang='lat' dir='ltr'><strong>licuerit</strong></span> <span class='ocrx_word' id='word_1_58' title='bbox 2222 797 2327 858; x_wconf 87' lang='lat' dir='ltr'><strong>tibi</strong></span> <span class='ocrx_word' id='word_1_59' title='bbox 2344 798 2533 857; x_wconf 87' lang='lat' dir='ltr'><strong>multo</strong></span> 
     </span>
    </p>

    <p class='ocr_par' dir='ltr' id='par_1_7' title="bbox 361 889 2535 973">
     <span class='ocr_line' id='line_1_7' title="bbox 361 889 2535 973; baseline -0.002 -23"><span class='ocrx_word' id='word_1_60' title='bbox 361 907 494 950; x_wconf 85' lang='lat' dir='ltr'><strong>cum</strong></span> <span class='ocrx_word' id='word_1_61' title='bbox 521 892 640 952; x_wconf 88' lang='lat' dir='ltr'><strong>otio</strong></span> <span class='ocrx_word' id='word_1_62' title='bbox 663 911 792 954; x_wconf 88' lang='lat' dir='ltr'><strong>eam</strong></span> <span class='ocrx_word' id='word_1_63' title='bbox 818 904 1104 973; x_wconf 85' lang='lat' dir='ltr'><strong>spectare.</strong></span> <span class='ocrx_word' id='word_1_64' title='bbox 1141 893 1411 966; x_wconf 82' lang='lat' dir='ltr'><strong>Deinde,</strong></span> <span class='ocrx_word' id='word_1_65' title='bbox 1440 912 1619 973; x_wconf 87' lang='lat' dir='ltr'><strong>quum</strong></span> <span class='ocrx_word' id='word_1_66' title='bbox 1634 911 1670 952; x_wconf 91' lang='lat' dir='ltr'><strong>e</strong></span> <span class='ocrx_word' id='word_1_67' title='bbox 1688 891 1867 952; x_wconf 87' lang='lat' dir='ltr'><strong>sella</strong></span> <span class='ocrx_word' id='word_1_68' title='bbox 1850 911 1911 950; x_wconf 87' lang='grc' dir='ltr'><strong>ιιι</strong></span> <span class='ocrx_word' id='word_1_69' title='bbox 1935 892 2155 950; x_wconf 86' lang='lat' dir='ltr'><strong>lectum</strong></span> <span class='ocrx_word' id='word_1_70' title='bbox 2174 889 2535 950; x_wconf 88' lang='lat' dir='ltr'><strong>conscendet</strong></span> 
     </span>
    </p>

    <p class='ocr_par' dir='ltr' id='par_1_8' title="bbox 360 971 2817 1113">
     <span class='ocr_line' id='line_1_8' title="bbox 360 971 2817 1113; baseline -0.001 -71"><span class='ocrx_word' id='word_1_71' title='bbox 360 991 422 1042; x_wconf 88' lang='lat' dir='ltr'><strong>et</strong></span> <span class='ocrx_word' id='word_1_72' title='bbox 448 992 512 1044; x_wconf 85' lang='lat' dir='ltr'><strong>tu</strong></span> <span class='ocrx_word' id='word_1_73' title='bbox 538 1003 576 1044; x_wconf 85' lang='lat' dir='ltr'><strong>a</strong></span> <span class='ocrx_word' id='word_1_74' title='bbox 598 994 766 1063; x_wconf 88' lang='lat' dir='ltr'><strong>tergo</strong></span> <span class='ocrx_word' id='word_1_75' title='bbox 792 991 914 1062; x_wconf 85' lang='lat' dir='ltr'><strong>ejus</strong></span> <span class='ocrx_word' id='word_1_76' title='bbox 944 985 1074 1059; x_wconf 96' lang='grc' dir='ltr'>πίε,</span> <span class='ocrx_word' id='word_1_77' title='bbox 1101 986 1384 1113; x_wconf 83' lang='lat' dir='ltr'><strong>reliquum</strong></span> <span class='ocrx_word' id='word_1_78' title='bbox 1407 995 1501 1046; x_wconf 86' lang='lat' dir='ltr'><strong>est</strong></span> <span class='ocrx_word' id='word_1_79' title='bbox 1525 994 1594 1044; x_wconf 86' lang='lat' dir='ltr'><strong>ut</strong></span> <span class='ocrx_word' id='word_1_80' title='bbox 1612 993 1677 1043; x_wconf 91' lang='lat' dir='ltr'><strong>tu</strong></span> <span class='ocrx_word' id='word_1_81' title='bbox 1702 1002 1871 1044; x_wconf 87' lang='lat' dir='ltr'><strong>cures</strong></span> <span class='ocrx_word' id='word_1_82' title='bbox 1896 1003 1971 1066; x_wconf 87' lang='lat' dir='ltr'><strong>ne</strong></span> <span class='ocrx_word' id='word_1_83' title='bbox 1997 983 2098 1042; x_wconf 87' lang='lat' dir='ltr'><strong>illa</strong></span> <span class='ocrx_word' id='word_1_84' title='bbox 2121 993 2183 1052; x_wconf 86' lang='lat' dir='ltr'><strong>te</strong></span> <span class='ocrx_word' id='word_1_85' title='bbox 2208 971 2593 1090; x_wconf 55' lang='lat' dir='ltr'><strong>conspiciat·&#39;</strong></span> <span class='ocrx_word' id='word_1_86' title='bbox 2815 1027 2817 1039; x_wconf 89' lang='lat'><strong>.</strong></span> 
     </span>
    </p>

    <p class='ocr_par' dir='ltr' id='par_1_9' title="bbox 358 1052 2817 1250">
     <span class='ocr_line' id='line_1_9' title="bbox 358 1052 2817 1140; baseline 0.001 -5"><span class='ocrx_word' id='word_1_87' title='bbox 358 1074 516 1135; x_wconf 78' lang='lat' dir='ltr'><strong>foras</strong></span> <span class='ocrx_word' id='word_1_88' title='bbox 537 1079 905 1140; x_wconf 85' lang='lat' dir='ltr'><strong>exeuntem.”</strong></span> <span class='ocrx_word' id='word_1_89' title='bbox 2815 1052 2817 1106; x_wconf 58' lang='lat'><strong><em>⁴</em></strong></span> 
     </span>
     <span class='ocr_line' id='line_1_10' title="bbox 437 1129 2529 1250; baseline 0 -24"><span class='ocrx_word' id='word_1_90' title='bbox 437 1171 538 1226; x_wconf 90' lang='grc'><strong>10.</strong></span> <span class='ocrx_word' id='word_1_91' title='bbox 579 1167 762 1247; x_wconf 79' lang='lat' dir='ltr'><strong>Igitur</strong></span> <span class='ocrx_word' id='word_1_92' title='bbox 788 1169 1014 1250; x_wconf 81' lang='lat' dir='ltr'><strong>Gyges,</strong></span> <span class='ocrx_word' id='word_1_93' title='bbox 1042 1189 1220 1250; x_wconf 88' lang='lat' dir='ltr'><strong>quum</strong></span> <span class='ocrx_word' id='word_1_94' title='bbox 1247 1169 1503 1248; x_wconf 83' lang='lat' dir='ltr'><strong>effugere</strong></span> <span class='ocrx_word' id='word_1_95' title='bbox 1529 1186 1645 1248; x_wconf 87' lang='lat' dir='ltr'><strong>non</strong></span> <span class='ocrx_word' id='word_1_96' title='bbox 1670 1175 1887 1248; x_wconf 84' lang='lat' dir='ltr'><strong>posset,</strong></span> <span class='ocrx_word' id='word_1_97' title='bbox 1912 1129 2149 1248; x_wconf 85' lang='lat' dir='ltr'><strong>paratus</strong></span> <span class='ocrx_word' id='word_1_98' title='bbox 2172 1161 2324 1226; x_wconf 58' lang='lat' dir='ltr'><strong>fuiti</strong></span> <span class='ocrx_word' id='word_1_99' title='bbox 2354 1185 2529 1248; x_wconf 81' lang='lat' dir='ltr'><strong>quem</strong></span> 
     </span>
    </p>

    <p class='ocr_par' dir='ltr' id='par_1_10' title="bbox 360 1229 2531 1341">
     <span class='ocr_line' id='line_1_11' title="bbox 360 1229 2531 1341; baseline 0.002 -26"><span class='ocrx_word' id='word_1_100' title='bbox 360 1229 712 1330; x_wconf 74' lang='lat' dir='ltr'><strong>Candaules,</strong></span> <span class='ocrx_word' id='word_1_101' title='bbox 730 1273 1038 1341; x_wconf 80' lang='lat' dir='ltr'><strong>postquam</strong></span> <span class='ocrx_word' id='word_1_102' title='bbox 1059 1262 1307 1322; x_wconf 88' lang='lat' dir='ltr'><strong>cubandi</strong></span> <span class='ocrx_word' id='word_1_103' title='bbox 1327 1273 1551 1340; x_wconf 89' lang='lat' dir='ltr'><strong>tempus</strong></span> <span class='ocrx_word' id='word_1_104' title='bbox 1565 1261 1749 1321; x_wconf 78' lang='lat' dir='ltr'><strong>visum</strong></span> <span class='ocrx_word' id='word_1_105' title='bbox 1768 1269 1859 1321; x_wconf 86' lang='lat' dir='ltr'><strong>est</strong></span> <span class='ocrx_word' id='word_1_106' title='bbox 1875 1259 2132 1331; x_wconf 80' lang='lat' dir='ltr'><strong>adesse,</strong></span> <span class='ocrx_word' id='word_1_107' title='bbox 2117 1280 2175 1318; x_wconf 87' lang='lat' dir='ltr'><strong>m</strong></span> <span class='ocrx_word' id='word_1_108' title='bbox 2196 1259 2531 1320; x_wconf 81' lang='lat' dir='ltr'><strong>cubiculum</strong></span> 
     </span>
    </p>

    <p class='ocr_par' dir='ltr' id='par_1_11' title="bbox 355 1348 2531 1434">
     <span class='ocr_line' id='line_1_12' title="bbox 355 1348 2531 1434; baseline 0 -26"><span class='ocrx_word' id='word_1_109' title='bbox 355 1348 713 1423; x_wconf 81' lang='lat' dir='ltr'><strong>introduxit3</strong></span> <span class='ocrx_word' id='word_1_110' title='bbox 750 1355 1039 1434; x_wconf 89' lang='lat' dir='ltr'><strong>pauloque</strong></span> <span class='ocrx_word' id='word_1_111' title='bbox 1062 1364 1195 1434; x_wconf 84' lang='lat' dir='ltr'><strong>post</strong></span> <span class='ocrx_word' id='word_1_112' title='bbox 1227 1373 1376 1414; x_wconf 85' lang='lat' dir='ltr'><strong>uxor</strong></span> <span class='ocrx_word' id='word_1_113' title='bbox 1411 1353 1587 1414; x_wconf 87' lang='lat' dir='ltr'><strong>etiam</strong></span> <span class='ocrx_word' id='word_1_114' title='bbox 1620 1352 1825 1415; x_wconf 85' lang='lat' dir='ltr'><strong>adfuit.</strong></span> <span class='ocrx_word' id='word_1_115' title='bbox 1903 1353 2232 1430; x_wconf 85' lang='lat' dir='ltr'><strong>Ingressam</strong></span> <span class='ocrx_word' id='word_1_116' title='bbox 2268 1361 2328 1410; x_wconf 92' lang='lat' dir='ltr'><strong>et</strong></span> <span class='ocrx_word' id='word_1_117' title='bbox 2354 1349 2531 1410; x_wconf 77' lang='lat' dir='ltr'><strong>vesti-</strong></span> 
     </span>
    </p>

    <p class='ocr_par' dir='ltr' id='par_1_12' title="bbox 356 1443 2531 1552">
     <span class='ocr_line' id='line_1_13' title="bbox 356 1443 2531 1552; baseline 0 -52"><span class='ocrx_word' id='word_1_118' title='bbox 356 1452 552 1502; x_wconf 89' lang='lat' dir='ltr'><strong>menta</strong></span> <span class='ocrx_word' id='word_1_119' title='bbox 589 1455 904 1522; x_wconf 83' lang='lat' dir='ltr'><strong>ponentem</strong></span> <span class='ocrx_word' id='word_1_120' title='bbox 942 1446 1148 1526; x_wconf 85' lang='lat' dir='ltr'><strong>Gyges</strong></span> <span class='ocrx_word' id='word_1_121' title='bbox 1188 1465 1364 1552; x_wconf 87' lang='lat' dir='ltr'><strong>quum</strong></span> <span class='ocrx_word' id='word_1_122' title='bbox 1399 1455 1738 1524; x_wconf 74' lang='lat' dir='ltr'><strong>spectasset,</strong></span> <span class='ocrx_word' id='word_1_123' title='bbox 1777 1465 1917 1504; x_wconf 83' lang='lat' dir='ltr'><strong>mox</strong></span> <span class='ocrx_word' id='word_1_124' title='bbox 1952 1444 2053 1504; x_wconf 89' lang='lat' dir='ltr'><strong>ubi</strong></span> <span class='ocrx_word' id='word_1_125' title='bbox 2090 1461 2293 1504; x_wconf 85' lang='lat' dir='ltr'><strong>aversa</strong></span> <span class='ocrx_word' id='word_1_126' title='bbox 2328 1443 2481 1502; x_wconf 86' lang='lat' dir='ltr'><strong>illa</strong></span> <span class='ocrx_word' id='word_1_127' title='bbox 2462 1463 2531 1500; x_wconf 87' lang='grc' dir='ltr'><strong>ιιι</strong></span> 
     </span>
    </p>

    <p class='ocr_par' dir='ltr' id='par_1_13' title="bbox 352 1523 2533 1619">
     <span class='ocr_line' id='line_1_14' title="bbox 352 1523 2533 1619; baseline 0.001 -29"><span class='ocrx_word' id='word_1_128' title='bbox 352 1533 572 1594; x_wconf 88' lang='lat' dir='ltr'><strong>lectum</strong></span> <span class='ocrx_word' id='word_1_129' title='bbox 611 1555 677 1596; x_wconf 89' lang='lat' dir='ltr'><strong>se</strong></span> <span class='ocrx_word' id='word_1_130' title='bbox 715 1537 976 1609; x_wconf 81' lang='lat' dir='ltr'><strong>eontulit,</strong></span> <span class='ocrx_word' id='word_1_131' title='bbox 1018 1538 1168 1596; x_wconf 85' lang='lat' dir='ltr'><strong>clam</strong></span> <span class='ocrx_word' id='word_1_132' title='bbox 1180 1537 1332 1617; x_wconf 87' lang='lat' dir='ltr'><strong>ipse</strong></span> <span class='ocrx_word' id='word_1_133' title='bbox 1369 1537 1527 1596; x_wconf 79' lang='lat' dir='ltr'><strong>foras</strong></span> <span class='ocrx_word' id='word_1_134' title='bbox 1572 1557 1637 1596; x_wconf 80' lang='lat' dir='ltr'><strong>se</strong></span> <span class='ocrx_word' id='word_1_135' title='bbox 1674 1536 1986 1596; x_wconf 77' lang='lat' dir='ltr'><strong>subduxit:</strong></span> <span class='ocrx_word' id='word_1_136' title='bbox 2028 1547 2089 1596; x_wconf 79' lang='lat' dir='ltr'><strong>at</strong></span> <span class='ocrx_word' id='word_1_137' title='bbox 2129 1523 2533 1619; x_wconf 67' lang='lat' dir='ltr'><strong>egredientem.</strong></span> 
     </span>
    </p>

    <p class='ocr_par' dir='ltr' id='par_1_14' title="bbox 353 1629 2530 1710">
     <span class='ocr_line' id='line_1_15' title="bbox 353 1629 2530 1710; baseline -0.002 -20"><span class='ocrx_word' id='word_1_138' title='bbox 353 1629 688 1707; x_wconf 75' lang='lat' dir='ltr'><strong>conspicata</strong></span> <span class='ocrx_word' id='word_1_139' title='bbox 711 1639 804 1690; x_wconf 89' lang='lat' dir='ltr'><strong>est</strong></span> <span class='ocrx_word' id='word_1_140' title='bbox 828 1630 1053 1691; x_wconf 81' lang='lat' dir='ltr'><strong>mulier.</strong></span> <span class='ocrx_word' id='word_1_141' title='bbox 1121 1634 1269 1698; x_wconf 77' lang='lat' dir='ltr'><strong>Quae</strong></span> <span class='ocrx_word' id='word_1_142' title='bbox 1293 1641 1364 1690; x_wconf 90' lang='lat' dir='ltr'><strong>ut</strong></span> <span class='ocrx_word' id='word_1_143' title='bbox 1389 1629 1679 1690; x_wconf 83' lang='lat' dir='ltr'><strong>intellexit</strong></span> <span class='ocrx_word' id='word_1_144' title='bbox 1699 1630 1839 1710; x_wconf 86' lang='lat' dir='ltr'><strong>quid</strong></span> <span class='ocrx_word' id='word_1_145' title='bbox 1858 1650 1895 1690; x_wconf 85' lang='lat' dir='ltr'><strong>a</strong></span> <span class='ocrx_word' id='word_1_146' title='bbox 1913 1629 2115 1689; x_wconf 89' lang='lat' dir='ltr'><strong>marito</strong></span> <span class='ocrx_word' id='word_1_147' title='bbox 2134 1639 2323 1689; x_wconf 83' lang='lat' dir='ltr'><strong>actum</strong></span> <span class='ocrx_word' id='word_1_148' title='bbox 2349 1638 2530 1700; x_wconf 84' lang='lat' dir='ltr'><strong>esset,</strong></span> 
     </span>
    </p>

    <p class='ocr_par' dir='ltr' id='par_1_15' title="bbox 352 1719 2531 1804">
     <span class='ocr_line' id='line_1_16' title="bbox 352 1719 2531 1804; baseline 0 -26"><span class='ocrx_word' id='word_1_149' title='bbox 352 1739 543 1800; x_wconf 86' lang='lat' dir='ltr'><strong>neque</strong></span> <span class='ocrx_word' id='word_1_150' title='bbox 568 1723 929 1797; x_wconf 76' lang='lat' dir='ltr'><strong>exclamavit,</strong></span> <span class='ocrx_word' id='word_1_151' title='bbox 955 1725 1182 1804; x_wconf 89' lang='lat' dir='ltr'><strong>pudore</strong></span> <span class='ocrx_word' id='word_1_152' title='bbox 1207 1734 1449 1794; x_wconf 86' lang='lat' dir='ltr'><strong>retenta,</strong></span> <span class='ocrx_word' id='word_1_153' title='bbox 1474 1732 1535 1782; x_wconf 88' lang='lat' dir='ltr'><strong>et</strong></span> <span class='ocrx_word' id='word_1_154' title='bbox 1558 1741 1623 1782; x_wconf 89' lang='lat' dir='ltr'><strong>se</strong></span> <span class='ocrx_word' id='word_1_155' title='bbox 1644 1722 2115 1784; x_wconf 83' lang='lat' dir='ltr'><strong>animadvertisse</strong></span> <span class='ocrx_word' id='word_1_156' title='bbox 2138 1719 2531 1793; x_wconf 82' lang='lat' dir='ltr'><strong>dissimulavit,</strong></span> 
     </span>
    </p>

    <p class='ocr_par' dir='ltr' id='par_1_16' title="bbox 353 1811 2529 1896">
     <span class='ocr_line' id='line_1_17' title="bbox 353 1811 2529 1896; baseline 0 -26"><span class='ocrx_word' id='word_1_157' title='bbox 353 1811 414 1871; x_wconf 92' lang='lat' dir='ltr'><strong>in</strong></span> <span class='ocrx_word' id='word_1_158' title='bbox 441 1814 630 1874; x_wconf 87' lang='lat' dir='ltr'><strong>animo</strong></span> <span class='ocrx_word' id='word_1_159' title='bbox 646 1815 866 1876; x_wconf 86' lang='lat' dir='ltr'><strong>habens</strong></span> <span class='ocrx_word' id='word_1_160' title='bbox 891 1816 1170 1876; x_wconf 85' lang='lat' dir='ltr'><strong>ultionem</strong></span> <span class='ocrx_word' id='word_1_161' title='bbox 1189 1835 1406 1892; x_wconf 80' lang='lat' dir='ltr'><strong>capere</strong></span> <span class='ocrx_word' id='word_1_162' title='bbox 1434 1814 1511 1872; x_wconf 90' lang='lat' dir='ltr'><strong>de</strong></span> <span class='ocrx_word' id='word_1_163' title='bbox 1538 1813 1855 1872; x_wconf 78' lang='lat' dir='ltr'><strong>Candaule.</strong></span> <span class='ocrx_word' id='word_1_164' title='bbox 1922 1813 2103 1888; x_wconf 89' lang='lat' dir='ltr'><strong>Apud</strong></span> <span class='ocrx_word' id='word_1_165' title='bbox 2121 1811 2324 1896; x_wconf 76' lang='lat' dir='ltr'><strong>Lydos</strong></span> <span class='ocrx_word' id='word_1_166' title='bbox 2348 1811 2529 1881; x_wconf 81' lang='lat' dir='ltr'><strong>enim,</strong></span> 
     </span>
    </p>

    <p class='ocr_par' dir='ltr' id='par_1_17' title="bbox 352 1900 2535 1984">
     <span class='ocr_line' id='line_1_18' title="bbox 352 1900 2535 1984; baseline -0 -21"><span class='ocrx_word' id='word_1_167' title='bbox 352 1923 436 1966; x_wconf 87' lang='lat' dir='ltr'><strong>ac</strong></span> <span class='ocrx_word' id='word_1_168' title='bbox 447 1905 573 1964; x_wconf 87' lang='lat' dir='ltr'><strong>fere</strong></span> <span class='ocrx_word' id='word_1_169' title='bbox 599 1906 755 1984; x_wconf 87' lang='lat' dir='ltr'><strong>apud</strong></span> <span class='ocrx_word' id='word_1_170' title='bbox 781 1914 1028 1976; x_wconf 74' lang='lat' dir='ltr'><strong>caeteros</strong></span> <span class='ocrx_word' id='word_1_171' title='bbox 1059 1923 1294 1982; x_wconf 87' lang='lat' dir='ltr'><strong>quoque</strong></span> <span class='ocrx_word' id='word_1_172' title='bbox 1317 1904 1617 1974; x_wconf 83' lang='lat' dir='ltr'><strong>barbaros,</strong></span> <span class='ocrx_word' id='word_1_173' title='bbox 1660 1902 1833 1962; x_wconf 88' lang='lat' dir='ltr'><strong>etiam</strong></span> <span class='ocrx_word' id='word_1_174' title='bbox 1858 1900 1981 1962; x_wconf 83' lang='lat' dir='ltr'><strong>viro</strong></span> <span class='ocrx_word' id='word_1_175' title='bbox 2005 1919 2279 1982; x_wconf 83' lang='lat' dir='ltr'><strong>magnum</strong></span> <span class='ocrx_word' id='word_1_176' title='bbox 2294 1902 2363 1960; x_wconf 91' lang='lat' dir='ltr'><strong>in</strong></span> <span class='ocrx_word' id='word_1_177' title='bbox 2389 1921 2535 1983; x_wconf 84' lang='lat' dir='ltr'><strong>pro-</strong></span> 
     </span>
    </p>
   </div>
   <div class='ocr_carea' id='block_1_3' title="bbox 263 1993 1337 2072">
    <p class='ocr_par' dir='ltr' id='par_1_18' title="bbox 263 1993 1337 2072">
     <span class='ocr_line' id='line_1_19' title="bbox 263 1993 1337 2072; baseline -0.002 -18"><span class='ocrx_word' id='word_1_178' title='bbox 263 2058 276 2066; x_wconf 30' lang='lat'><em>*</em></span> <span class='ocrx_word' id='word_1_179' title='bbox 351 1994 520 2054; x_wconf 79' lang='lat' dir='ltr'><strong>hrum</strong></span> <span class='ocrx_word' id='word_1_180' title='bbox 545 1995 784 2059; x_wconf 76' lang='lat' dir='ltr'><strong>vertitur</strong></span> <span class='ocrx_word' id='word_1_181' title='bbox 807 1995 1028 2057; x_wconf 88' lang='lat' dir='ltr'><strong>nudum</strong></span> <span class='ocrx_word' id='word_1_182' title='bbox 1056 1993 1337 2072; x_wconf 80' lang='lat' dir='ltr'><strong>conspici.</strong></span> 
     </span>
    </p>
   </div>
   <div class='ocr_carea' id='block_1_4' title="bbox 345 2033 2586 4372">
    <p class='ocr_par' dir='ltr' id='par_1_19' title="bbox 345 2033 2586 3819">
     <span class='ocr_line' id='line_1_20' title="bbox 435 2033 2525 2166; baseline -0.003 -19"><span class='ocrx_word' id='word_1_183' title='bbox 435 2091 464 2147; x_wconf 89' lang='lat'>1</span> <span class='ocrx_word' id='word_1_184' title='bbox 478 2087 771 2165; x_wconf 81' lang='lat' dir='ltr'><strong>1.1taque</strong></span> <span class='ocrx_word' id='word_1_185' title='bbox 796 2097 938 2147; x_wconf 88' lang='lat' dir='ltr'><strong>tunc</strong></span> <span class='ocrx_word' id='word_1_186' title='bbox 964 2086 1198 2166; x_wconf 87' lang='lat' dir='ltr'><strong>quidem</strong></span> <span class='ocrx_word' id='word_1_187' title='bbox 1221 2085 1362 2144; x_wconf 87' lang='lat' dir='ltr'><strong>nihil</strong></span> <span class='ocrx_word' id='word_1_188' title='bbox 1383 2084 1669 2165; x_wconf 83' lang='lat' dir='ltr'><strong>aperiens,</strong></span> <span class='ocrx_word' id='word_1_189' title='bbox 1690 2033 1977 2144; x_wconf 80' lang='lat' dir='ltr'><strong>silentium</strong></span> <span class='ocrx_word' id='word_1_190' title='bbox 1998 2083 2185 2144; x_wconf 90' lang='lat' dir='ltr'><strong>tenuit</strong></span> <span class='ocrx_word' id='word_1_191' title='bbox 2200 2085 2328 2144; x_wconf 79' lang='lat' dir='ltr'><strong>illa:</strong></span> <span class='ocrx_word' id='word_1_192' title='bbox 2335 2083 2525 2144; x_wconf 82' lang='lat' dir='ltr'><strong>simul</strong></span> 
     </span>
     <span class='ocr_line' id='line_1_21' title="bbox 351 2173 2528 2256; baseline -0.002 -17"><span class='ocrx_word' id='word_1_193' title='bbox 351 2195 424 2239; x_wconf 82' lang='lat' dir='ltr'><strong>ac</strong></span> <span class='ocrx_word' id='word_1_194' title='bbox 443 2197 583 2238; x_wconf 85' lang='lat' dir='ltr'><strong>vero</strong></span> <span class='ocrx_word' id='word_1_195' title='bbox 601 2177 812 2250; x_wconf 86' lang='lat' dir='ltr'><strong>illuxit,</strong></span> <span class='ocrx_word' id='word_1_196' title='bbox 835 2190 1046 2256; x_wconf 83' lang='lat' dir='ltr'><strong>praesto</strong></span> <span class='ocrx_word' id='word_1_197' title='bbox 1069 2197 1198 2238; x_wconf 87' lang='lat' dir='ltr'><strong>esse</strong></span> <span class='ocrx_word' id='word_1_198' title='bbox 1212 2177 1386 2254; x_wconf 83' lang='lat' dir='ltr'><strong>jussis</strong></span> <span class='ocrx_word' id='word_1_199' title='bbox 1411 2178 1641 2238; x_wconf 85' lang='lat' dir='ltr'><strong>famulis</strong></span> <span class='ocrx_word' id='word_1_200' title='bbox 1658 2173 1803 2256; x_wconf 73' lang='lat' dir='ltr'><strong>quo&#39;s</strong></span> <span class='ocrx_word' id='word_1_201' title='bbox 1819 2178 2063 2236; x_wconf 83' lang='lat' dir='ltr'><strong>maxime</strong></span> <span class='ocrx_word' id='word_1_202' title='bbox 2082 2177 2230 2237; x_wconf 86' lang='lat' dir='ltr'><strong>fidos</strong></span> <span class='ocrx_word' id='word_1_203' title='bbox 2250 2177 2356 2238; x_wconf 88' lang='lat' dir='ltr'><strong>sibi</strong></span> <span class='ocrx_word' id='word_1_204' title='bbox 2382 2195 2528 2254; x_wconf 86' lang='lat' dir='ltr'><strong>cog-</strong></span> 
     </span>
     <span class='ocr_line' id='line_1_22' title="bbox 351 2269 2525 2350; baseline -0.001 -20"><span class='ocrx_word' id='word_1_205' title='bbox 351 2281 608 2342; x_wconf 85' lang='lat' dir='ltr'><strong>noverat,</strong></span> <span class='ocrx_word' id='word_1_206' title='bbox 634 2269 852 2350; x_wconf 82' lang='lat' dir='ltr'><strong>Gygen</strong></span> <span class='ocrx_word' id='word_1_207' title='bbox 873 2271 950 2332; x_wconf 89' lang='lat' dir='ltr'><strong>ad</strong></span> <span class='ocrx_word' id='word_1_208' title='bbox 975 2291 1040 2332; x_wconf 90' lang='lat' dir='ltr'><strong>se</strong></span> <span class='ocrx_word' id='word_1_209' title='bbox 1067 2271 1310 2331; x_wconf 82' lang='lat' dir='ltr'><strong>vocavit.</strong></span> <span class='ocrx_word' id='word_1_210' title='bbox 1381 2271 1465 2332; x_wconf 88' lang='lat' dir='ltr'><strong>Et</strong></span> <span class='ocrx_word' id='word_1_211' title='bbox 1484 2271 1603 2343; x_wconf 87' lang='lat' dir='ltr'><strong>ille,</strong></span> <span class='ocrx_word' id='word_1_212' title='bbox 1626 2271 1767 2330; x_wconf 86' lang='lat' dir='ltr'><strong>nihil</strong></span> <span class='ocrx_word' id='word_1_213' title='bbox 1790 2291 1919 2332; x_wconf 87' lang='lat' dir='ltr'><strong>eam</strong></span> <span class='ocrx_word' id='word_1_214' title='bbox 1940 2289 2109 2331; x_wconf 86' lang='lat' dir='ltr'><strong>nosse</strong></span> <span class='ocrx_word' id='word_1_215' title='bbox 2135 2281 2295 2330; x_wconf 90' lang='lat' dir='ltr'><strong>ratus</strong></span> <span class='ocrx_word' id='word_1_216' title='bbox 2320 2288 2525 2329; x_wconf 83' lang='lat' dir='ltr'><strong>eorum</strong></span> 
     </span>
     <span class='ocr_line' id='line_1_23' title="bbox 351 2361 2528 2442; baseline -0.001 -20"><span class='ocrx_word' id='word_1_217' title='bbox 351 2380 484 2440; x_wconf 77' lang='lat' dir='ltr'><strong>quse</strong></span> <span class='ocrx_word' id='word_1_218' title='bbox 509 2373 678 2442; x_wconf 88' lang='lat' dir='ltr'><strong>gesta</strong></span> <span class='ocrx_word' id='word_1_219' title='bbox 703 2373 922 2434; x_wconf 81' lang='lat' dir='ltr'><strong>essent,</strong></span> <span class='ocrx_word' id='word_1_220' title='bbox 963 2363 1270 2428; x_wconf 78' lang='lat' dir='ltr'><strong>arcessitus</strong></span> <span class='ocrx_word' id='word_1_221' title='bbox 1291 2363 1483 2434; x_wconf 77' lang='lat' dir='ltr'><strong>venit3</strong></span> <span class='ocrx_word' id='word_1_222' title='bbox 1524 2363 1739 2442; x_wconf 90' lang='lat' dir='ltr'><strong>quippe</strong></span> <span class='ocrx_word' id='word_1_223' title='bbox 1767 2374 1829 2424; x_wconf 88' lang='lat' dir='ltr'><strong>et</strong></span> <span class='ocrx_word' id='word_1_224' title='bbox 1855 2374 2029 2422; x_wconf 86' lang='lat' dir='ltr'><strong>antea</strong></span> <span class='ocrx_word' id='word_1_225' title='bbox 2050 2362 2272 2434; x_wconf 84' lang='lat' dir='ltr'><strong>solitus,</strong></span> <span class='ocrx_word' id='word_1_226' title='bbox 2298 2361 2528 2440; x_wconf 88' lang='lat' dir='ltr'><strong>quoties</strong></span> 
     </span>
     <span class='ocr_line' id='line_1_24' title="bbox 349 2443 2529 2532; baseline 0.001 -18"><span class='ocrx_word' id='word_1_227' title='bbox 349 2455 550 2532; x_wconf 86' lang='lat' dir='ltr'><strong>regina</strong></span> <span class='ocrx_word' id='word_1_228' title='bbox 573 2466 826 2526; x_wconf 88' lang='lat' dir='ltr'><strong>vocaret,</strong></span> <span class='ocrx_word' id='word_1_229' title='bbox 858 2475 986 2515; x_wconf 88' lang='lat' dir='ltr'><strong>eam</strong></span> <span class='ocrx_word' id='word_1_230' title='bbox 1023 2443 1354 2517; x_wconf 84' lang='lat' dir='ltr'><strong>convenire.</strong></span> <span class='ocrx_word' id='word_1_231' title='bbox 1436 2456 1524 2518; x_wconf 86' lang='lat' dir='ltr'><strong>Ut</strong></span> <span class='ocrx_word' id='word_1_232' title='bbox 1548 2455 1725 2528; x_wconf 81' lang='lat' dir='ltr'><strong>venit,</strong></span> <span class='ocrx_word' id='word_1_233' title='bbox 1753 2455 1841 2515; x_wconf 88' lang='lat' dir='ltr'><strong>his</strong></span> <span class='ocrx_word' id='word_1_234' title='bbox 1864 2455 2055 2516; x_wconf 85' lang='lat' dir='ltr'><strong>verbis</strong></span> <span class='ocrx_word' id='word_1_235' title='bbox 2082 2473 2216 2524; x_wconf 84' lang='lat' dir='ltr'><strong>eum</strong></span> <span class='ocrx_word' id='word_1_236' title='bbox 2254 2453 2529 2516; x_wconf 76' lang='lat' dir='ltr'><strong>adlocuta</strong></span> 
     </span>
     <span class='ocr_line' id='line_1_25' title="bbox 351 2545 2528 2626; baseline -0 -21"><span class='ocrx_word' id='word_1_237' title='bbox 351 2555 444 2605; x_wconf 85' lang='lat' dir='ltr'><strong>est</strong></span> <span class='ocrx_word' id='word_1_238' title='bbox 469 2545 707 2606; x_wconf 65' lang='lat' dir='ltr'><strong>muliera</strong></span> <span class='ocrx_word' id='word_1_239' title='bbox 745 2553 790 2584; x_wconf 74' lang='lat'><strong>‘⁴</strong></span> <span class='ocrx_word' id='word_1_240' title='bbox 809 2547 1008 2626; x_wconf 85' lang='lat' dir='ltr'><strong>Gyge,</strong></span> <span class='ocrx_word' id='word_1_241' title='bbox 1047 2555 1200 2606; x_wconf 84' lang='lat' dir='ltr'><strong>nunc</strong></span> <span class='ocrx_word' id='word_1_242' title='bbox 1227 2547 1469 2616; x_wconf 87' lang='lat' dir='ltr'><strong>duarum</strong></span> <span class='ocrx_word' id='word_1_243' title='bbox 1495 2546 1714 2607; x_wconf 83' lang='lat' dir='ltr'><strong>viarum</strong></span> <span class='ocrx_word' id='word_1_244' title='bbox 1740 2547 1843 2606; x_wconf 88' lang='lat' dir='ltr'><strong>tibi</strong></span> <span class='ocrx_word' id='word_1_245' title='bbox 1876 2557 2201 2626; x_wconf 80' lang='lat' dir='ltr'><strong>apertarum</strong></span> <span class='ocrx_word' id='word_1_246' title='bbox 2230 2545 2528 2624; x_wconf 86' lang='lat' dir='ltr'><strong>optionem</strong></span> 
     </span>
     <span class='ocr_line' id='line_1_26' title="bbox 351 2637 2533 2715; baseline 0 -19"><span class='ocrx_word' id='word_1_247' title='bbox 351 2639 616 2698; x_wconf 85' lang='lat' dir='ltr'><strong>concedo</strong></span> <span class='ocrx_word' id='word_1_248' title='bbox 641 2647 828 2698; x_wconf 79' lang='lat' dir='ltr'><strong>utram</strong></span> <span class='ocrx_word' id='word_1_249' title='bbox 855 2639 1082 2715; x_wconf 76' lang='lat' dir='ltr'><strong>ingredi</strong></span> <span class='ocrx_word' id='word_1_250' title='bbox 1101 2639 1386 2698; x_wconf 79' lang='lat' dir='ltr'><strong>volueris:</strong></span> <span class='ocrx_word' id='word_1_251' title='bbox 1429 2651 1528 2697; x_wconf 90' lang='lat' dir='ltr'><strong>aut</strong></span> <span class='ocrx_word' id='word_1_252' title='bbox 1556 2639 1728 2710; x_wconf 86' lang='lat' dir='ltr'><strong>enim,</strong></span> <span class='ocrx_word' id='word_1_253' title='bbox 1760 2639 2069 2698; x_wconf 83' lang='lat' dir='ltr'><strong>interfecto</strong></span> <span class='ocrx_word' id='word_1_254' title='bbox 2096 2637 2419 2708; x_wconf 82' lang='lat' dir='ltr'><strong>Candaule,</strong></span> <span class='ocrx_word' id='word_1_255' title='bbox 2444 2645 2533 2696; x_wconf 83' lang='lat' dir='ltr'><strong>et:</strong></span> 
     </span>
     <span class='ocr_line' id='line_1_27' title="bbox 351 2727 2525 2808; baseline 0 -22"><span class='ocrx_word' id='word_1_256' title='bbox 351 2746 446 2788; x_wconf 85' lang='lat' dir='ltr'><strong>me</strong></span> <span class='ocrx_word' id='word_1_257' title='bbox 485 2737 546 2786; x_wconf 86' lang='lat' dir='ltr'><strong>et</strong></span> <span class='ocrx_word' id='word_1_258' title='bbox 584 2745 826 2806; x_wconf 84' lang='lat' dir='ltr'><strong>regnum</strong></span> <span class='ocrx_word' id='word_1_259' title='bbox 864 2727 1166 2808; x_wconf 82' lang='lat' dir='ltr'><strong>Lydorum</strong></span> <span class='ocrx_word' id='word_1_260' title='bbox 1204 2727 1455 2798; x_wconf 81' lang='lat' dir='ltr'><strong>habet03</strong></span> <span class='ocrx_word' id='word_1_261' title='bbox 1494 2738 1598 2787; x_wconf 88' lang='lat' dir='ltr'><strong>aut</strong></span> <span class='ocrx_word' id='word_1_262' title='bbox 1636 2739 1697 2786; x_wconf 92' lang='lat' dir='ltr'><strong>te</strong></span> <span class='ocrx_word' id='word_1_263' title='bbox 1736 2728 1920 2805; x_wconf 86' lang='lat' dir='ltr'><strong>ipsum</strong></span> <span class='ocrx_word' id='word_1_264' title='bbox 1958 2727 2223 2806; x_wconf 72' lang='lat' dir='ltr'><strong>protinus</strong></span> <span class='ocrx_word' id='word_1_265' title='bbox 2256 2728 2339 2787; x_wconf 90' lang='lat' dir='ltr'><strong>sic</strong></span> <span class='ocrx_word' id='word_1_266' title='bbox 2376 2728 2525 2788; x_wconf 85' lang='lat' dir='ltr'><strong>mori</strong></span> 
     </span>
     <span class='ocr_line' id='line_1_28' title="bbox 349 2809 2525 2898; baseline -0.001 -18"><span class='ocrx_word' id='word_1_267' title='bbox 349 2828 598 2898; x_wconf 82' lang='lat' dir='ltr'><strong>oportet,</strong></span> <span class='ocrx_word' id='word_1_268' title='bbox 637 2837 712 2878; x_wconf 87' lang='lat' dir='ltr'><strong>ne</strong></span> <span class='ocrx_word' id='word_1_269' title='bbox 750 2819 1014 2898; x_wconf 84' lang='lat' dir='ltr'><strong>posthac,</strong></span> <span class='ocrx_word' id='word_1_270' title='bbox 1047 2809 1328 2880; x_wconf 83' lang='lat' dir='ltr'><strong>Candauli</strong></span> <span class='ocrx_word' id='word_1_271' title='bbox 1363 2817 1713 2889; x_wconf 69' lang='lat' dir='ltr'><strong>inmunibus</strong></span> <span class='ocrx_word' id='word_1_272' title='bbox 1748 2817 2097 2896; x_wconf 87' lang='lat' dir='ltr'><strong>obsequens,</strong></span> <span class='ocrx_word' id='word_1_273' title='bbox 2134 2829 2365 2898; x_wconf 89' lang='lat' dir='ltr'><strong>spectes</strong></span> <span class='ocrx_word' id='word_1_274' title='bbox 2388 2839 2525 2897; x_wconf 79' lang='lat' dir='ltr'><strong>quae</strong></span> 
     </span>
     <span class='ocr_line' id='line_1_29' title="bbox 349 2908 2527 2992; baseline -0.002 -21"><span class='ocrx_word' id='word_1_275' title='bbox 349 2922 412 2972; x_wconf 87' lang='lat' dir='ltr'><strong>te</strong></span> <span class='ocrx_word' id='word_1_276' title='bbox 435 2921 702 2992; x_wconf 83' lang='lat' dir='ltr'><strong>spectare</strong></span> <span class='ocrx_word' id='word_1_277' title='bbox 725 2910 892 2970; x_wconf 86' lang='lat' dir='ltr'><strong>nefas</strong></span> <span class='ocrx_word' id='word_1_278' title='bbox 920 2921 1030 2970; x_wconf 89' lang='lat' dir='ltr'><strong>est.</strong></span> <span class='ocrx_word' id='word_1_279' title='bbox 1113 2909 1425 2970; x_wconf 83' lang='lat' dir='ltr'><strong>Enimvero</strong></span> <span class='ocrx_word' id='word_1_280' title='bbox 1451 2921 1554 2969; x_wconf 88' lang='lat' dir='ltr'><strong>aut</strong></span> <span class='ocrx_word' id='word_1_281' title='bbox 1579 2909 1755 2981; x_wconf 90' lang='lat' dir='ltr'><strong>illum,</strong></span> <span class='ocrx_word' id='word_1_282' title='bbox 1786 2908 1888 2988; x_wconf 88' lang='lat' dir='ltr'><strong>qui</strong></span> <span class='ocrx_word' id='word_1_283' title='bbox 1911 2909 2025 2968; x_wconf 86' lang='lat' dir='ltr'><strong>ista</strong></span> <span class='ocrx_word' id='word_1_284' title='bbox 2048 2910 2279 2970; x_wconf 85' lang='lat' dir='ltr'><strong>molitus</strong></span> <span class='ocrx_word' id='word_1_285' title='bbox 2300 2920 2409 2982; x_wconf 87' lang='lat' dir='ltr'><strong>est,</strong></span> <span class='ocrx_word' id='word_1_286' title='bbox 2440 2909 2527 2968; x_wconf 87' lang='lat' dir='ltr'><strong>in·-</strong></span> 
     </span>
     <span class='ocr_line' id='line_1_30' title="bbox 346 3000 2529 3083; baseline -0.003 -16"><span class='ocrx_word' id='word_1_287' title='bbox 346 3005 521 3067; x_wconf 66' lang='lat' dir='ltr'><strong>tea-ire</strong></span> <span class='ocrx_word' id='word_1_288' title='bbox 543 3012 791 3083; x_wconf 84' lang='lat' dir='ltr'><strong>oportet,</strong></span> <span class='ocrx_word' id='word_1_289' title='bbox 815 3013 917 3065; x_wconf 77' lang='lat' dir='ltr'><strong>aut</strong></span> <span class='ocrx_word' id='word_1_290' title='bbox 939 3012 1021 3075; x_wconf 88' lang='lat' dir='ltr'><strong>te,</strong></span> <span class='ocrx_word' id='word_1_291' title='bbox 1042 3001 1142 3082; x_wconf 87' lang='lat' dir='ltr'><strong>qui</strong></span> <span class='ocrx_word' id='word_1_292' title='bbox 1165 3001 1491 3074; x_wconf 81' lang='lat' dir='ltr'><strong>nudamme</strong></span> <span class='ocrx_word' id='word_1_293' title='bbox 1512 3020 1575 3060; x_wconf 91' lang='lat' dir='ltr'><strong>es</strong></span> <span class='ocrx_word' id='word_1_294' title='bbox 1594 3000 1959 3078; x_wconf 83' lang='lat' dir='ltr'><strong>conspicatus</strong></span> <span class='ocrx_word' id='word_1_295' title='bbox 1986 3011 2047 3060; x_wconf 88' lang='lat' dir='ltr'><strong>et</strong></span> <span class='ocrx_word' id='word_1_296' title='bbox 2064 3000 2267 3060; x_wconf 89' lang='lat' dir='ltr'><strong>illicita</strong></span> <span class='ocrx_word' id='word_1_297' title='bbox 2281 3000 2529 3062; x_wconf 64' lang='lat' dir='ltr'><strong>fecisti?</strong></span> 
     </span>
     <span class='ocr_line' id='line_1_31' title="bbox 349 3092 2586 3174; baseline -0.001 -20"><span class='ocrx_word' id='word_1_298' title='bbox 349 3094 442 3154; x_wconf 88' lang='lat' dir='ltr'><strong>Ad</strong></span> <span class='ocrx_word' id='word_1_299' title='bbox 460 3095 590 3154; x_wconf 80' lang='lat' dir='ltr'><strong>haec</strong></span> <span class='ocrx_word' id='word_1_300' title='bbox 607 3095 784 3155; x_wconf 82' lang='lat' dir='ltr'><strong>verba</strong></span> <span class='ocrx_word' id='word_1_301' title='bbox 803 3095 1010 3174; x_wconf 81' lang='lat' dir='ltr'><strong>Gyges</strong></span> <span class='ocrx_word' id='word_1_302' title='bbox 1029 3094 1274 3172; x_wconf 82' lang='lat' dir='ltr'><strong>primum</strong></span> <span class='ocrx_word' id='word_1_303' title='bbox 1289 3103 1549 3172; x_wconf 85' lang='lat' dir='ltr'><strong>stupere,</strong></span> <span class='ocrx_word' id='word_1_304' title='bbox 1570 3104 1695 3152; x_wconf 88' lang='lat' dir='ltr'><strong>tum</strong></span> <span class='ocrx_word' id='word_1_305' title='bbox 1715 3093 1931 3152; x_wconf 88' lang='lat' dir='ltr'><strong>deinde</strong></span> <span class='ocrx_word' id='word_1_306' title='bbox 1950 3093 2255 3154; x_wconf 84' lang='lat' dir='ltr'><strong>obsecrare</strong></span> <span class='ocrx_word' id='word_1_307' title='bbox 2271 3092 2427 3166; x_wconf 80' lang='lat' dir='ltr'><strong>illam</strong></span> <span class='ocrx_word' id='word_1_308' title='bbox 2446 3112 2523 3152; x_wconf 89' lang='lat' dir='ltr'><strong>ne</strong></span> <span class='ocrx_word' id='word_1_309' title='bbox 2575 3149 2586 3160; x_wconf 80' lang='grc'>,</span> 
     </span>
     <span class='ocr_line' id='line_1_32' title="bbox 345 3184 2525 3264; baseline -0.001 -18"><span class='ocrx_word' id='word_1_310' title='bbox 345 3205 412 3246; x_wconf 86' lang='lat' dir='ltr'><strong>se</strong></span> <span class='ocrx_word' id='word_1_311' title='bbox 432 3185 766 3246; x_wconf 81' lang='lat' dir='ltr'><strong>necessitati</strong></span> <span class='ocrx_word' id='word_1_312' title='bbox 782 3186 1032 3263; x_wconf 83' lang='lat' dir='ltr'><strong>illigaret</strong></span> <span class='ocrx_word' id='word_1_313' title='bbox 1049 3185 1435 3261; x_wconf 75' lang='lat' dir='ltr'><strong>dijudicandae</strong></span> <span class='ocrx_word' id='word_1_314' title='bbox 1452 3185 1583 3252; x_wconf 85' lang='lat' dir='ltr'><strong>talis</strong></span> <span class='ocrx_word' id='word_1_315' title='bbox 1602 3185 1873 3264; x_wconf 86' lang='lat' dir='ltr'><strong>optionis.</strong></span> <span class='ocrx_word' id='word_1_316' title='bbox 1910 3185 2049 3246; x_wconf 80' lang='lat' dir='ltr'><strong>Nec</strong></span> <span class='ocrx_word' id='word_1_317' title='bbox 2063 3205 2201 3244; x_wconf 83' lang='lat' dir='ltr'><strong>vero</strong></span> <span class='ocrx_word' id='word_1_318' title='bbox 2219 3184 2272 3244; x_wconf 91' lang='lat' dir='ltr'><strong>ei</strong></span> <span class='ocrx_word' id='word_1_319' title='bbox 2288 3204 2525 3264; x_wconf 83' lang='lat' dir='ltr'><strong>persua-</strong></span> 
     </span>
     <span class='ocr_line' id='line_1_33' title="bbox 349 3275 2530 3380; baseline -0.001 -44"><span class='ocrx_word' id='word_1_320' title='bbox 349 3276 451 3346; x_wconf 79' lang='lat' dir='ltr'><strong>sit3</strong></span> <span class='ocrx_word' id='word_1_321' title='bbox 477 3276 740 3336; x_wconf 55' lang='lat' dir='ltr'><strong>sed‘vidit</strong></span> <span class='ocrx_word' id='word_1_322' title='bbox 753 3277 1163 3338; x_wconf 87' lang='lat' dir='ltr'><strong>necessitatem</strong></span> <span class='ocrx_word' id='word_1_323' title='bbox 1177 3277 1375 3356; x_wconf 87' lang='lat' dir='ltr'><strong>utique</strong></span> <span class='ocrx_word' id='word_1_324' title='bbox 1395 3277 1503 3336; x_wconf 88' lang='lat' dir='ltr'><strong>sibi</strong></span> <span class='ocrx_word' id='word_1_325' title='bbox 1522 3277 1879 3380; x_wconf 84' lang='lat' dir='ltr'><strong>propositam</strong></span> <span class='ocrx_word' id='word_1_326' title='bbox 1900 3276 2289 3356; x_wconf 78' lang='lat' dir='ltr'><strong>autperdendi</strong></span> <span class='ocrx_word' id='word_1_327' title='bbox 2308 3275 2530 3338; x_wconf 85' lang='lat' dir='ltr'><strong>herum-</strong></span> 
     </span>
     <span class='ocr_line' id='line_1_34' title="bbox 349 3366 2519 3460; baseline -0.002 -28"><span class='ocrx_word' id='word_1_328' title='bbox 349 3377 450 3432; x_wconf 75' lang='lat' dir='ltr'><strong>aut</strong></span> <span class='ocrx_word' id='word_1_329' title='bbox 473 3386 582 3446; x_wconf 88' lang='lat' dir='ltr'><strong>per</strong></span> <span class='ocrx_word' id='word_1_330' title='bbox 615 3367 770 3428; x_wconf 87' lang='lat' dir='ltr'><strong>alios</strong></span> <span class='ocrx_word' id='word_1_331' title='bbox 784 3368 1088 3446; x_wconf 86' lang='lat' dir='ltr'><strong>pereundi.</strong></span> <span class='ocrx_word' id='word_1_332' title='bbox 1161 3367 1360 3446; x_wconf 86' lang='lat' dir='ltr'><strong>Elegit</strong></span> <span class='ocrx_word' id='word_1_333' title='bbox 1394 3369 1591 3448; x_wconf 87' lang='lat' dir='ltr'><strong>itaque</strong></span> <span class='ocrx_word' id='word_1_334' title='bbox 1620 3380 1687 3426; x_wconf 88' lang='lat' dir='ltr'><strong>ut</strong></span> <span class='ocrx_word' id='word_1_335' title='bbox 1718 3369 1843 3460; x_wconf 81' lang='lat' dir='ltr'><strong>ipse</strong></span> <span class='ocrx_word' id='word_1_336' title='bbox 1871 3379 2237 3446; x_wconf 84' lang='lat' dir='ltr'><strong>superesset.</strong></span> <span class='ocrx_word' id='word_1_337' title='bbox 2276 3376 2337 3425; x_wconf 92' lang='lat' dir='ltr'><strong>et</strong></span> <span class='ocrx_word' id='word_1_338' title='bbox 2358 3366 2519 3428; x_wconf 85' lang='lat' dir='ltr'><strong>illam</strong></span> 
     </span>
     <span class='ocr_line' id='line_1_35' title="bbox 348 3455 2523 3542; baseline 0 -22"><span class='ocrx_word' id='word_1_339' title='bbox 348 3471 718 3542; x_wconf 80' lang='lat' dir='ltr'><strong>percontans,</strong></span> <span class='ocrx_word' id='word_1_340' title='bbox 740 3459 1282 3538; x_wconf 83' lang='lat' dir='ltr'><strong>“Quandoquidem</strong></span> <span class='ocrx_word' id='word_1_341' title='bbox 1301 3461 1537 3520; x_wconf 84' lang='lat' dir='ltr'><strong>invitum</strong></span> <span class='ocrx_word' id='word_1_342' title='bbox 1558 3461 1692 3533; x_wconf 88' lang='lat' dir='ltr'><strong>me‚’</strong></span> <span class='ocrx_word' id='word_1_343' title='bbox 1695 3455 1965 3540; x_wconf 51' lang='lat' dir='ltr'><strong>&#39;inquitf</strong></span> <span class='ocrx_word' id='word_1_344' title='bbox 1972 3461 2190 3540; x_wconf 82' lang='lat' dir='ltr'><strong>‘adigis</strong></span> <span class='ocrx_word' id='word_1_345' title='bbox 2212 3459 2289 3518; x_wconf 88' lang='lat' dir='ltr'><strong>ad</strong></span> <span class='ocrx_word' id='word_1_346' title='bbox 2314 3460 2523 3521; x_wconf 85' lang='lat' dir='ltr'><strong>herum</strong></span> 
     </span>
     <span class='ocr_line' id='line_1_36' title="bbox 351 3547 2525 3632; baseline -0.001 -18"><span class='ocrx_word' id='word_1_347' title='bbox 351 3573 544 3616; x_wconf 84' lang='lat' dir='ltr'><strong>meum</strong></span> <span class='ocrx_word' id='word_1_348' title='bbox 565 3551 970 3622; x_wconf 83' lang='lat' dir='ltr'><strong>occidendum,</strong></span> <span class='ocrx_word' id='word_1_349' title='bbox 989 3571 1100 3629; x_wconf 85' lang='lat' dir='ltr'><strong>age</strong></span> <span class='ocrx_word' id='word_1_350' title='bbox 1115 3553 1343 3625; x_wconf 78' lang='lat' dir='ltr'><strong>audiam</strong></span> <span class='ocrx_word' id='word_1_351' title='bbox 1363 3571 1551 3630; x_wconf 88' lang='lat' dir='ltr'><strong>ecquo</strong></span> <span class='ocrx_word' id='word_1_352' title='bbox 1568 3553 1725 3612; x_wconf 87' lang='lat' dir='ltr'><strong>illum</strong></span> <span class='ocrx_word' id='word_1_353' title='bbox 1740 3551 1915 3613; x_wconf 90' lang='lat' dir='ltr'><strong>modo</strong></span> <span class='ocrx_word' id='word_1_354' title='bbox 1928 3547 2254 3632; x_wconf 83' lang='lat' dir='ltr'><strong>adgressuri</strong></span> <span class='ocrx_word' id='word_1_355' title='bbox 2272 3549 2525 3612; x_wconf 70' lang='lat' dir='ltr'><strong>simus2”</strong></span> 
     </span>
     <span class='ocr_line' id='line_1_37' title="bbox 351 3642 2519 3728; baseline 0 -24"><span class='ocrx_word' id='word_1_356' title='bbox 351 3645 432 3707; x_wconf 86' lang='lat' dir='ltr'><strong>Et</strong></span> <span class='ocrx_word' id='word_1_357' title='bbox 455 3644 554 3702; x_wconf 88' lang='lat' dir='ltr'><strong>illa</strong></span> <span class='ocrx_word' id='word_1_358' title='bbox 577 3642 888 3721; x_wconf 85' lang='lat' dir='ltr'><strong>excipiens,</strong></span> <span class='ocrx_word' id='word_1_359' title='bbox 914 3650 957 3680; x_wconf 68' lang='lat'><strong>‘⁴</strong></span> <span class='ocrx_word' id='word_1_360' title='bbox 973 3642 1068 3704; x_wconf 80' lang='lat' dir='ltr'><strong>Ex</strong></span> <span class='ocrx_word' id='word_1_361' title='bbox 1093 3643 1302 3705; x_wconf 87' lang='lat' dir='ltr'><strong>eodem</strong></span> <span class='ocrx_word' id='word_1_362' title='bbox 1327 3644 1515 3715; x_wconf 89' lang='lat' dir='ltr'><strong>loc0,’&#39;</strong></span> <span class='ocrx_word' id='word_1_363' title='bbox 1539 3644 1789 3724; x_wconf 88' lang='lat' dir='ltr'><strong>inquit,‘</strong></span> <span class='ocrx_word' id='word_1_364' title='bbox 1796 3644 2186 3710; x_wconf 85' lang='lat' dir='ltr'><strong>‘adoriendus</strong></span> <span class='ocrx_word' id='word_1_365' title='bbox 2210 3646 2339 3720; x_wconf 85' lang='lat' dir='ltr'><strong>erit,</strong></span> <span class='ocrx_word' id='word_1_366' title='bbox 2359 3644 2519 3728; x_wconf 81' lang='lat' dir='ltr'><strong>unde</strong></span> 
     </span>
     <span class='ocr_line' id='line_1_38' title="bbox 348 3735 2303 3819; baseline 0.002 -23"><span class='ocrx_word' id='word_1_367' title='bbox 348 3739 448 3796; x_wconf 90' lang='lat' dir='ltr'><strong>ille</strong></span> <span class='ocrx_word' id='word_1_368' title='bbox 474 3738 689 3796; x_wconf 85' lang='lat' dir='ltr'><strong>nudam</strong></span> <span class='ocrx_word' id='word_1_369' title='bbox 712 3755 806 3795; x_wconf 86' lang='lat' dir='ltr'><strong>me</strong></span> <span class='ocrx_word' id='word_1_370' title='bbox 833 3735 936 3794; x_wconf 88' lang='lat' dir='ltr'><strong>tibi</strong></span> <span class='ocrx_word' id='word_1_371' title='bbox 963 3736 1249 3803; x_wconf 79' lang='lat' dir='ltr'><strong>ostendit:</strong></span> <span class='ocrx_word' id='word_1_372' title='bbox 1289 3737 1350 3795; x_wconf 91' lang='lat' dir='ltr'><strong>in</strong></span> <span class='ocrx_word' id='word_1_373' title='bbox 1379 3735 1625 3818; x_wconf 86' lang='lat' dir='ltr'><strong>sopitum</strong></span> <span class='ocrx_word' id='word_1_374' title='bbox 1650 3757 1852 3798; x_wconf 88' lang='lat' dir='ltr'><strong>somno</strong></span> <span class='ocrx_word' id='word_1_375' title='bbox 1876 3737 2129 3819; x_wconf 81' lang='lat' dir='ltr'><strong>impetus</strong></span> <span class='ocrx_word' id='word_1_376' title='bbox 2148 3739 2303 3800; x_wconf 87' lang='lat' dir='ltr'><strong>fiet.’&#39;</strong></span> 
     </span>
    </p>

    <p class='ocr_par' dir='ltr' id='par_1_20' title="bbox 347 3828 2525 4372">
     <span class='ocr_line' id='line_1_39' title="bbox 369 3828 2519 3912; baseline 0.003 -22"><span class='ocrx_word' id='word_1_377' title='bbox 369 3862 376 3874; x_wconf 91' lang='lat'><strong>·</strong></span> <span class='ocrx_word' id='word_1_378' title='bbox 431 3835 527 3890; x_wconf 78' lang='lat'><strong>12.</strong></span> <span class='ocrx_word' id='word_1_379' title='bbox 550 3830 642 3889; x_wconf 88' lang='lat' dir='ltr'><strong>Ita</strong></span> <span class='ocrx_word' id='word_1_380' title='bbox 659 3847 830 3908; x_wconf 89' lang='lat' dir='ltr'><strong>quum</strong></span> <span class='ocrx_word' id='word_1_381' title='bbox 850 3830 926 3889; x_wconf 78' lang='lat' dir='ltr'><strong>de</strong></span> <span class='ocrx_word' id='word_1_382' title='bbox 945 3828 1225 3892; x_wconf 86' lang='lat' dir='ltr'><strong>faciendis</strong></span> <span class='ocrx_word' id='word_1_383' title='bbox 1247 3829 1466 3890; x_wconf 86' lang='lat' dir='ltr'><strong>insidiis</strong></span> <span class='ocrx_word' id='word_1_384' title='bbox 1486 3830 1639 3890; x_wconf 88' lang='lat' dir='ltr'><strong>inter</strong></span> <span class='ocrx_word' id='word_1_385' title='bbox 1657 3851 1722 3890; x_wconf 87' lang='lat' dir='ltr'><strong>se</strong></span> <span class='ocrx_word' id='word_1_386' title='bbox 1742 3831 2187 3904; x_wconf 86' lang='lat' dir='ltr'><strong>constituissent,</strong></span> <span class='ocrx_word' id='word_1_387' title='bbox 2208 3833 2519 3912; x_wconf 71' lang='lat' dir='ltr'><strong>ingruente</strong></span> 
     </span>
     <span class='ocr_line' id='line_1_40' title="bbox 349 3922 2521 4004; baseline 0 -21"><span class='ocrx_word' id='word_1_388' title='bbox 349 3933 522 3984; x_wconf 84' lang='lat' dir='ltr'><strong>nocte</strong></span> <span class='ocrx_word' id='word_1_389' title='bbox 549 3922 756 4002; x_wconf 87' lang='lat' dir='ltr'><strong>Gyges</strong></span> <span class='ocrx_word' id='word_1_390' title='bbox 775 3925 920 4002; x_wconf 73' lang='lat' dir='ltr'><strong>(nec</strong></span> <span class='ocrx_word' id='word_1_391' title='bbox 945 3922 1098 3981; x_wconf 89' lang='lat' dir='ltr'><strong>enim</strong></span> <span class='ocrx_word' id='word_1_392' title='bbox 1124 3922 1537 3995; x_wconf 84' lang='lat' dir='ltr'><strong>dimittebatur,</strong></span> <span class='ocrx_word' id='word_1_393' title='bbox 1566 3944 1755 4002; x_wconf 89' lang='lat' dir='ltr'><strong>neque</strong></span> <span class='ocrx_word' id='word_1_394' title='bbox 1782 3926 1963 3984; x_wconf 89' lang='lat' dir='ltr'><strong>ullum</strong></span> <span class='ocrx_word' id='word_1_395' title='bbox 1988 3924 2045 3982; x_wconf 91' lang='lat' dir='ltr'><strong>ei</strong></span> <span class='ocrx_word' id='word_1_396' title='bbox 2070 3925 2346 4004; x_wconf 84' lang='lat' dir='ltr'><strong>effugium</strong></span> <span class='ocrx_word' id='word_1_397' title='bbox 2374 3936 2521 3998; x_wconf 86' lang='lat' dir='ltr'><strong>erat,</strong></span> 
     </span>
     <span class='ocr_line' id='line_1_41' title="bbox 347 4013 2519 4094; baseline -0.001 -15"><span class='ocrx_word' id='word_1_398' title='bbox 347 4015 453 4079; x_wconf 83' lang='lat' dir='ltr'><strong>sed</strong></span> <span class='ocrx_word' id='word_1_399' title='bbox 479 4025 578 4074; x_wconf 89' lang='lat' dir='ltr'><strong>aut</strong></span> <span class='ocrx_word' id='word_1_400' title='bbox 600 4015 788 4094; x_wconf 86' lang='lat' dir='ltr'><strong>ipsum</strong></span> <span class='ocrx_word' id='word_1_401' title='bbox 812 4013 1043 4074; x_wconf 88' lang='lat' dir='ltr'><strong>interire</strong></span> <span class='ocrx_word' id='word_1_402' title='bbox 1073 4015 1378 4092; x_wconf 85' lang='lat' dir='ltr'><strong>oportebat</strong></span> <span class='ocrx_word' id='word_1_403' title='bbox 1401 4025 1505 4074; x_wconf 84' lang='lat' dir='ltr'><strong>aut</strong></span> <span class='ocrx_word' id='word_1_404' title='bbox 1526 4016 1910 4094; x_wconf 84' lang='lat' dir='ltr'><strong>Candaulem)</strong></span> <span class='ocrx_word' id='word_1_405' title='bbox 1937 4027 2169 4076; x_wconf 86' lang='lat' dir='ltr'><strong>secutus</strong></span> <span class='ocrx_word' id='word_1_406' title='bbox 2198 4028 2287 4078; x_wconf 86' lang='lat' dir='ltr'><strong>est</strong></span> <span class='ocrx_word' id='word_1_407' title='bbox 2312 4018 2519 4076; x_wconf 86' lang='lat' dir='ltr'><strong>mulie-</strong></span> 
     </span>
     <span class='ocr_line' id='line_1_42' title="bbox 349 4105 2525 4188; baseline 0.001 -20"><span class='ocrx_word' id='word_1_408' title='bbox 349 4128 474 4168; x_wconf 82' lang='lat' dir='ltr'><strong>rem</strong></span> <span class='ocrx_word' id='word_1_409' title='bbox 497 4105 558 4164; x_wconf 88' lang='lat' dir='ltr'><strong>in</strong></span> <span class='ocrx_word' id='word_1_410' title='bbox 585 4106 950 4173; x_wconf 78' lang='lat' dir='ltr'><strong>cubiculum3</strong></span> <span class='ocrx_word' id='word_1_411' title='bbox 989 4105 1089 4164; x_wconf 88' lang='lat' dir='ltr'><strong>ubi</strong></span> <span class='ocrx_word' id='word_1_412' title='bbox 1113 4125 1249 4169; x_wconf 84' lang='lat' dir='ltr'><strong>eum</strong></span> <span class='ocrx_word' id='word_1_413' title='bbox 1283 4107 1398 4178; x_wconf 83' lang='lat' dir='ltr'><strong>illa,</strong></span> <span class='ocrx_word' id='word_1_414' title='bbox 1418 4107 1639 4167; x_wconf 79' lang='lat' dir='ltr'><strong>‘tradito</strong></span> <span class='ocrx_word' id='word_1_415' title='bbox 1666 4109 1942 4188; x_wconf 84' lang='lat' dir='ltr'><strong>pugione,</strong></span> <span class='ocrx_word' id='word_1_416' title='bbox 1971 4120 2103 4188; x_wconf 90' lang='lat' dir='ltr'><strong>post</strong></span> <span class='ocrx_word' id='word_1_417' title='bbox 2128 4110 2391 4169; x_wconf 85' lang='lat' dir='ltr'><strong>eamdem</strong></span> <span class='ocrx_word' id='word_1_418' title='bbox 2427 4112 2525 4186; x_wconf 81' lang='lat' dir='ltr'><strong>ja-</strong></span> 
     </span>
     <span class='ocr_line' id='line_1_43' title="bbox 350 4197 2521 4278; baseline 0.001 -19"><span class='ocrx_word' id='word_1_419' title='bbox 350 4219 525 4265; x_wconf 79' lang='lat' dir='ltr'><strong>nuam.</strong></span> <span class='ocrx_word' id='word_1_420' title='bbox 539 4197 874 4259; x_wconf 85' lang='lat' dir='ltr'><strong>occultavit.</strong></span> <span class='ocrx_word' id='word_1_421' title='bbox 915 4197 1172 4272; x_wconf 88' lang='lat' dir='ltr'><strong>Deinde,</strong></span> <span class='ocrx_word' id='word_1_422' title='bbox 1192 4199 1527 4278; x_wconf 87' lang='lat' dir='ltr'><strong>quiescente</strong></span> <span class='ocrx_word' id='word_1_423' title='bbox 1544 4199 1863 4273; x_wconf 84' lang='lat' dir='ltr'><strong>Candaule,</strong></span> <span class='ocrx_word' id='word_1_424' title='bbox 1882 4200 2089 4260; x_wconf 82' lang='lat' dir='ltr'><strong>leniter</strong></span> <span class='ocrx_word' id='word_1_425' title='bbox 2106 4200 2375 4272; x_wconf 87' lang='lat' dir='ltr'><strong>accessit,</strong></span> <span class='ocrx_word' id='word_1_426' title='bbox 2390 4201 2521 4268; x_wconf 58' lang='lat' dir='ltr'><strong>illa-</strong></span> 
     </span>
     <span class='ocr_line' id='line_1_44' title="bbox 350 4291 2519 4372; baseline 0 -22"><span class='ocrx_word' id='word_1_427' title='bbox 350 4311 464 4368; x_wconf 86' lang='lat' dir='ltr'><strong>que</strong></span> <span class='ocrx_word' id='word_1_428' title='bbox 479 4293 828 4352; x_wconf 76' lang='lat' dir='ltr'><strong>,obtruncato</strong></span> <span class='ocrx_word' id='word_1_429' title='bbox 843 4297 902 4349; x_wconf 91' lang='lat' dir='ltr'><strong>et</strong></span> <span class='ocrx_word' id='word_1_430' title='bbox 913 4308 1149 4350; x_wconf 85' lang='lat' dir='ltr'><strong>uxorem</strong></span> <span class='ocrx_word' id='word_1_431' title='bbox 1169 4301 1229 4350; x_wconf 87' lang='lat' dir='ltr'><strong>et</strong></span> <span class='ocrx_word' id='word_1_432' title='bbox 1245 4311 1487 4370; x_wconf 74' lang='lat' dir='ltr'><strong>regn-um</strong></span> <span class='ocrx_word' id='word_1_433' title='bbox 1498 4291 1759 4352; x_wconf 76' lang='lat' dir='ltr'><strong>obtinuit</strong></span> <span class='ocrx_word' id='word_1_434' title='bbox 1773 4292 2009 4372; x_wconf 81' lang='lat' dir='ltr'><strong>Gyges;</strong></span> <span class='ocrx_word' id='word_1_435' title='bbox 2030 4299 2193 4370; x_wconf 81' lang='lat' dir='ltr'><strong>cujus</strong></span> <span class='ocrx_word' id='word_1_436' title='bbox 2212 4293 2386 4357; x_wconf 80' lang='lat' dir='ltr'><strong>etiam</strong></span> <span class='ocrx_word' id='word_1_437' title='bbox 2406 4295 2519 4353; x_wconf 86' lang='lat' dir='ltr'><strong>Ar-</strong></span> 
     </span>
    </p>
   </div>
   <div class='ocr_carea' id='block_1_5' title="bbox 351 4381 2519 4479">
    <p class='ocr_par' dir='ltr' id='par_1_21' title="bbox 351 4381 2519 4479">
     <span class='ocr_line' id='line_1_45' title="bbox 351 4381 2519 4479; baseline -0.002 -31"><span class='ocrx_word' id='word_1_438' title='bbox 351 4381 648 4448; x_wconf 63' lang='lat' dir='ltr'><strong>chilochus</strong></span> <span class='ocrx_word' id='word_1_439' title='bbox 665 4381 887 4456; x_wconf 73' lang='lat' dir='ltr'><strong>Parius,</strong></span> <span class='ocrx_word' id='word_1_440' title='bbox 905 4381 1005 4464; x_wconf 76' lang='lat' dir='ltr'><strong>qui</strong></span> <span class='ocrx_word' id='word_1_441' title='bbox 1030 4383 1236 4448; x_wconf 77' lang='lat' dir='ltr'><strong>eadem</strong></span> <span class='ocrx_word' id='word_1_442' title='bbox 1253 4383 1396 4448; x_wconf 80' lang='lat' dir='ltr'><strong>vixit</strong></span> <span class='ocrx_word' id='word_1_443' title='bbox 1422 4393 1617 4466; x_wconf 71' lang='lat' dir='ltr'><strong>astate,</strong></span> <span class='ocrx_word' id='word_1_444' title='bbox 1635 4384 1697 4444; x_wconf 85' lang='lat' dir='ltr'><strong>in</strong></span> <span class='ocrx_word' id='word_1_445' title='bbox 1720 4385 1926 4453; x_wconf 74' lang='lat' dir='ltr'><strong>iambis</strong></span> <span class='ocrx_word' id='word_1_446' title='bbox 1949 4385 2519 4479; x_wconf 63' lang='lat' dir='ltr'><strong>trimetris-meminit.</strong></span> 
     </span>
    </p>
   </div>
  </div>
 </body>
</html>
