2817 4792
322 341 333 353 „
428 262 543 320 ιιι
1002 201 1448 312 ιιιιιὸιιοτι
1491 246 1827 308 msa-on.
1867 243 1976 308 v1.

496 391 595 447 24.
634 382 879 464 Scythas
907 398 1061 452 vero,
1106 379 1508 442 Zanclaeorum
1547 377 1882 450 monarcha,
1915 395 1990 434 ex
2025 373 2210 456 Inyco
2250 375 2603 457 Hymernn

422 476 707 557 profugitx
743 475 991 554 indeque
1016 474 1074 534 in
1104 474 1305 534 Asiam
1328 471 1635 552 profectus,
1664 471 1739 551 ad
1760 469 2226 548 regemDarium
2253 469 2604 529 adscendit.

424 571 505 629 Et
530 569 686 628 hunc
714 569 933 628 Darius:
944 566 1312 646 justissimum
1318 564 1594 642 judicavit
1617 563 1865 623 virorum
1889 561 2156 632 omnium,
2181 562 2280 640 qui
2305 581 2392 622 ex
2421 561 2602 620 Grae·
2629 617 2636 626 ,

429 662 519 723 cia
544 659 621 720 ad
638 661 819 739 ipsum
848 659 1296 718 adscenderunt:
1336 675 1472 716 nam
1497 655 1661 716 venia
1681 674 1718 715 a
1742 673 1884 733 rege
1906 653 2211 732 impetrata
2235 653 2295 712 in
2323 653 2604 734 Siciliam

428 751 695 824 redierat,
736 770 1039 830 rursusque
1087 770 1162 810 ex
1202 748 1397 812 Sicilia
1431 747 1508 808 ad
1545 768 1741 826 regem
1781 759 1904 808 erat
1942 765 2222 808 reversus.
2301 744 2607 824 Denique

431 864 606 905 senex
634 855 691 904 et
716 845 920 904 beatus
946 843 1101 921 apud
1128 844 1333 901 Persas
1360 861 1394 900 e
1421 841 1542 900 vita
1563 839 1835 900 discessit:
1917 840 2007 900 Ita
2025 839 2199 917 igitur
2229 837 2442 908 Samii,
2476 857 2636 916 prop

432 937 525 995 cul
566 955 603 996 a
640 934 837 998 Medis
840 933 1123 1013 profecti,
1163 933 1321 993 nullo
1338 933 1558 992 'labore
1591 930 1969 1011 pulcherrima
2008 931 2150 990 urbe
2190 931 2424 991 Zancla
2467 940 2610 990 suut

433 1027 616 1108 potiti.

510 1124 611 1180 25.
654 1119 797 1178 Post
830 1129 1123 1196 peractam
1166 1139 1271 1198 pro
1312 1119 1525 1178 Mileto
1566 1117 1824 1177 navalem
1859 1135 2130 1195 pugnam,
2175 1114 2500 1174 Phoenices
2537 1134 2608 1172 ex

439 1211 741 1298 Persarum
782 1210 1049 1268 mandato
1079 1211 1343 1280 AEacem,
1366 1209 1683 1288 Sylosontis
1713 1207 1908 1277 filium,
1941 1208 2176 1266 Samum
2202 1207 2608 1274 reduxerunt·

438 1311 642 1380 utpote
666 1291 765 1378 qui
805 1299 1151 1358 utilissimam
1189 1299 1299 1358 illis
1340 1299 1742 1378 egregiamque
1785 1317 2015 1378 operam
2055 1298 2440 1376 praestitisset.
2527 1297 2608 1356 Et

440 1393 594 1464 solis,
620 1413 696 1452 ex
724 1391 981 1450 omnibus
1005 1391 1101 1468 qui
1130 1410 1165 1450 a
1191 1391 1368 1450 Dario
1397 1391 1748 1461 defecerant,
1781 1389 1984 1450 Samiis
2010 1409 2198 1468 neque
2223 1390 2366 1448 urbs
2409 1409 2624 1467 neque.

444 1485 659 1564 templa
685 1484 915 1543 incensa
940 1493 1091 1554 sunt,
1120 1494 1426 1564 propterea
1454 1483 1608 1562 quod
1645 1502 1818 1542 naves
1845 1502 2044 1542 eorum
2083 1482 2140 1540 in
2183 1501 2386 1560 pugna
2413 1481 2607 1540 navali

444 1577 627 1636 socios
656 1576 1044 1657 deseruerant.
1128 1576 1315 1654 Capta
1334 1595 1478 1638 ,vero
1517 1574 1744 1656 Mileto,
1771 1575 2028 1654 protinus
2059 1571 2227 1634 Caria
2251 1573 2314 1630 in
2341 1583 2622 1652 potesta-.

448 1679 567 1726 tem
588 1667 757 1732 seuit
795 1667 1115 1739 Persarum,
1150 1667 1273 1726 aliis
1308 1666 1530 1746 oppidis
1555 1665 1706 1725 ultro
1731 1686 1860 1726 sese
1891 1666 2250 1739 dedentibus,
2278 1666 2408 1726 aliis
2439 1665 2498 1724 vi
2533 1664 2618 1730 ad.

451 1754 783 1838 obsequium
804 1760 1075 1818 redactis.
1157 1761 1353 1839 Atque
1379 1759 1462 1818 ita
1487 1759 1580 1820 hae
1605 1779 1698 1818 res
1725 1769 1904 1837 gestae
1931 1770 2079 1818 sunt.

524 1855 649 1936 26·
644 1851 841 1912 Circa
856 1851 1209 1930 Byzantium
1241 1862 1503 1912 versante
1544 1852 1778 1910 Histioeo
1804 1851 2039 1920 Milesio,
2071 1860 2130 1924 et
2154 1849 2362 1908 Ionum
2393 1867 2604 1910 onera-
2611 1911 2616 1915 ,

450 1945 561 2003 rias
582 1945 754 2006 nares
782 1963 815 2002 e
844 1943 1033 2002 Ponto
1049 1945 1339 2006 venientes
1356 1943 1754 2022 intercipienti,
1769 1931 2035 2005 adfertur
2059 1943 2302 2002 nuncius
2323 1943 2404 2002 de
2432 1944 2614 2009 rebus,

454 2035 531 2096 ad
566 2036 837 2098 Miletum
870 2037 1060 2114 gestis.
1141 2037 1388 2116 Itaque,
1408 2038 1577 2097 rebus
1603 2035 1679 2096 ad
1705 2035 2149 2114 Hellespontum
2175 2035 2415 2094 Bisaltae
2445 2035 2606 2114 Aby-

450 2129 603 2187 deno
626 2127 932 2206 permissis,
963 2128 1371 2207 Apollophanis
1396 2127 1572 2201 filio,·
1559 2147 1680 2206 ipse
1707 2147 1900 2187 secum
1925 2127 2124 2188 sumtis
2141 2127 2365 2188 Lesbiis
2391 2127 2602 2192 Chium

456 2218 757 2306 navigavit.
838 2216 957 2276 Ubi
984 2239 1157 2296 quum
1182 2240 1298 2280 non
1324 2221 1611 2298 reciperet
1639 2240 1766 2280 eum
1798 2220 2071 2281 Chiorum
2099 2220 2452 2306 praesidium,
2481 2217 2612 2282 acie

461 2329 609 2374 cum
614 2309 705 2367 his
728 2327 1066 2396 co'ngressus
1091 2309 1151 2366 in
1181 2311 1335 2370 Coelis
1364 2312 1436 2392 [i.
1462 2332 1516 2374 e.
1543 2311 1737 2390 Canis]
1766 2332 1896 2390 quae
1915 2321 2189 2370 vocantur
2215 2311 2380 2370 Chiae
2409 2323 2600 2380 terrae,

464 2400 670 2462 multos
698 2419 893 2460 eorum
914 2398 1236 2463 interfecit.
1285 2423 1535 2482 moxque
1562 2405 1809 2482 reliquos
1837 2403 2005 2463 etiam
2035 2403 2229 2472 chios,
2249 2403 2475 2482 quippe
2503 2420 2602 2460 na·

464 2493 577 2551 vali
605 2512 800 2570 pugna
823 2493 1025 2552 misere
1051 2492 1332 2562 adflictos,
1362 2496 1469 2552 sub
1497 2505 1835 2572 potestatem
1872 2513 2033 2556 suam
2059 2495 2353 2580 Histiaeus,
2383 2491 2606 2565 Lesbiis

467 2583 713 2662 adjutus,
735 2584 976 2663 redegit,
1000 2603 1073 2644 ex
1096 2584 1373 2644 Polichna
1400 2585 1673 2646 Chiorum
1695 2587 1907 2667 oppido
1935 2587 2149 2666 impetu
2173 2585 2353 2646 facto.
2444 2654 2454 2664 .

432 2687 439 2692 ’
546 2679 658 2743 27.
686 2677 848 2744 Solet
886 2688 1075 2736 autem
1117 2678 1259 2739 deus
1284 2688 1418 2737 ante
1443 2677 1781 2756 significare,
1811 2679 2038 2757 quando
2065 2698 2272 2756 magna
2299 2681 2452 2752 mala
2479 2677 2606 2760 civi-

470 2768 573 2829 tati
594 2780 695 2828 aut
720 2770 929 2849 populo
957 2768 1203 2848 cuipiam
1227 2771 1554 2828 imminent:
1597 2781 1772 2847 atque
1799 2771 1965 2840 etiam
1997 2770 2154 2830 Chiis
2173 2783 2308 2846 ante
2329 2771 2436 2843 has
2465 2770 2606 2845 cala-

473 2862 697 2922 mitates
718 2849 959 2939 ingentia
983 2862 1144 2938 signa
1170 2861 1518 2948 acciderant.
1593 2863 1844 2932 Primum
1863 2862 2034 2934 enim,
2063 2882 2236 2942 quum
2264 2876 2496 2940 centum
2518 2865 2602 2940 J'u·

469 2974 674 3014 venum
705 2953 937 3020 chorum
959 2954 1215 3032 Delphos
1241 2954 1541 3024 misissent„
1560 2975 1676 3014 non
1702 2955 1810 3012 nisi
1831 2954 1947 3013 duo
1974 2974 2046 3012 ex
2063 2955 2151 3028 his
2178 2955 2488 3032 redierant,
2511 2972 2606 3012 cae·

466 3047 605 3116 teris
624 3057 759 3113 octo
786 3057 847 3105 et
869 3047 1181 3126 nonaginta
1205 3058 1367 3125 peste
1394 3045 1669 3106 absumtis
1694 3067 1709 3105 ε
1749 3057 1868 3105 tum
1889 3067 1994 3126 per
2019 3046 2170 3126 idem
2191 3057 2440 3124 tempus,
2457 3043 2605 3118 haud

472 3139 649 3197 multo
676 3147 807 3198 ante
833 3139 1091 3204 navalem
1130 3158 1397 3216 pugnam,
1436 3127 1947 3218 super,puerorum
1988 3137 2274 3241 capitibus
2307 3139 2503 3214 literas
2530 3136 2605 3194 di·

473 3229 753 3300 scentium
780 3239 999 3288 tectum
1022 3240 1331 3300 corruerat,
1354 3241 1420 3289 ut
1442 3230 1515 3291 de
1537 3241 1770 3290 centum
1793 3243 1852 3291 et
1865 3231 2062 3310 viginti
2087 3230 2274 3309 pueris
2293 3251 2444 3310 unus
2461 3228 2604 3310 solus

414 3391 419 3394 Ι
475 3321 742 3382 evaserit.
825 3321 937 3380 Ηίι
962 3321 1135 3398 signis
1162 3341 1199 3380 a
1222 3322 1354 3390 Deo
1382 3333 1520 3382 ante
1549 3323 1807 3393 ostensiS,
1837 3322 2044 3417 deinde
2071 3333 2273 3381 secuta
2269 3342 2494 3402 pugna
2515 3339 2606 3378 na-

480 3399 701 3474 valisin
730 3433 881 3493 genu
897 3415 1147 3494 projecit
1174 3416 1500 3486 civitatem;
1546 3427 1674 3495 post
1693 3435 1946 3494 pugnam
1974 3435 2108 3474 vero
2133 3392 2395 3474 navalem
2421 3429 2606 3495 super·

480 3507 638 3566 venit
674 3506 947 3568 Histiaeus
984 3527 1114 3567 cum
1142 3508 1385 3578 Lesbiis,
1416 3519 1476 3572 et
1505 3509 1679 3568 Chios
1713 3512 1842 3586 jam
1875 3504 2005 3568 ante
2047 3479 2283 3581 adtritos
2321 3507 2495 3568 facile
2502 3526 2605 3587 op·

414 3663 417 3668 ,
482 3600 1201 3679 pressit..

562 3695 657 3750 28.
701 3675 849 3755 Inde
876 3653 1069 3752 Thaso
1090 3713 1246 3753 arma
1266 3661 1542 3756 Histiaeus
1562 3695 1770 3766 intulit,
1795 3714 2080 3774 magnam
2077 3693 2282 3753 Ionum
2312 3705 2373 3753 et
2403 3693 2610 3752 AEolen·

484 3782 629 3845 sium
656 3798 885 3840 manum
912 3801 1109 3844 secum
1146 3786 1381 3848 ducens.
1463 3787 1621 3846 Dum
1649 3806 1786 3855 vero
1821 3787 2084 3856 Thasum
2113 3785 2500 3862 circumsidet,
2527 3771 2610 3842 ad-

474 3879 667 3948 ‚fertur
696 3878 749 3936 ei
776 3879 1030 3950 nuncius,
1059 3880 1357 3940 Phoenices
1378 3883 1588 3943 Mileto
1614 3881 1902 3960 profectos
1927 3881 2198 3960 reliquam
2221 3879 2446 3938 Ioniam
2473 3875 2609 3938 navi·
2681 3947 2686 3952 .

484 3973 591 4032 bus
606 3981 821 4049 petere.
864 3975 994 4038 Quo
1008 3973 1264 4050 cognito,
1286 3974 1537 4034 Thasum
1558 3974 1992 4052 inexpugnatam
2005 3973 2356 4049 relinquens,
2373 3971 2611 4030 Lesbum

473 4051 802 4135 contendit,
832 4067 1103 4126 universis
1142 4067 1319 4147 copiis
1346 4085 1544 4128 secum
1571 4066 1772 4127 ductis.
1857 4067 2054 4134 Lesbo
2089 4085 2261 4136 vero,
2275 4085 2451 4142 quum
2476 4064 2609 4122 same

488 4157 773 4215 laboraret
796 4157 1102 4228 citercitus,
1120 4159 1177 4218 in
1207 4159 1604 4223 continentem
1615 4158 1862 4234 trajecit,
1879 4159 2225 4228 frumentum
2254 4157 2542 4216 demetere
2561 4163 2611 4212 et

490 4268 567 4306 ex
600 4249 859 4314 Atarneo
885 4248 1155 4337 cogitans,
1186 4262 1246 4310 et
1272 4271 1345 4310 ex
1387 4252 1568 4311 Caico
1577 4271 1802 4332 campo
1831 4249 2038 4330 Mysiae
2077 4250 2320 4324 ditionis.
2411 4249 2493 4308 At
2517 4243 2611 4316 fuit

493 4338 680 4399 forte
664 4359 724 4396 ιιι
746 4358 815 4399 ea
830 4338 1061 4418 regione
1084 4329 1390 4424 Harpagus
1415 4343 1612 4416 Persa,
1633 4343 1787 4402 haud
1804 4342 1991 4422 exigui
2015 4343 2132 4404 dux
2155 4340 2473 4434 exercitus,
2493 4355 2612 4416 qul,
