2817 4792
491 303 612 372 ‘stu-
845 295 854 306 ‘
1026 307 1479 370 HERono‘rl
1520 309 1859 374 ms‘roa.
1900 312 2043 374 vn.

473 426 946 520 inscriptionibus
985 439 1108 502 istis
1147 451 1210 502 et
1249 439 1547 513 columis,
1572 453 1817 520 exeepto
1856 443 2003 504 vatis
2042 443 2479 548 epigrammate,
2510 447 2673 506 &n-

473 529 820 610 pbictyones
845 532 974 590 illos
999 531 1382 599 honorarunt:
1425 533 1571 592 vatis
1596 551 1735 592 vero
1762 533 2057 612 Megistioe
2076 533 2441 614 epigramma
2454 537 2667 598 Sm-

474 622 638 696 uides
655 623 865 701 posuit,
895 624 1218 704 Leoprepis
1241 624 1410 694 filius,
1440 644 1549 703 pro
1574 624 1804 704 hospitii
1826 621 2237 686 familiaritate.

551 717 690 775 229.
733 714 1006 786 Narrant,
1033 735 1106 775 ex
1131 716 1410 776 trecentis
1436 714 1549 774 iliis
1579 711 1875 795 Spartanis
1896 717 2073 778 duos
2056 719 2237 790 miros,
2264 719 2566 826 Eurytum
2586 731 2655 781 et

470 806 923 878 Aristodemum,
951 829 1148 887 quum,
1177 809 1224 868 si
1250 827 1556 869 commune
1576 809 1889 869 voluissent
1906 809 2203 870 consilium
2222 812 2404 890 sequi,
2422 813 2651 890 pomis·

466 907 596 958 sent
622 901 792 959 ambo
820 911 920 960 aut
947 901 1112 962 simul
1137 902 1278 960 salvi
1309 902 1575 982 Spartam
1596 902 1805 972 redire,
1828 914 1901 962 ιιι·
1914 904 2014 982 qui
2034 921 2072 963 a
2090 905 2353 964 Leonida
2372 925 2411 965 e
2428 907 2645 966 castris

466 991 678 1050 dimissi
719 991 1112 1052 decubuerant
1149 994 1220 1066 in¹
1246 993 1504 1071 Alpenis,
1540 982 1867 1054 vehementi
1892 997 2189 1055 octalorum
2226 995 2439 1056 ἀοὶοη
2464 993 2642 1058 labo·

463 1089 654 1142 rantes
676 1108 693 1153 3
734 1093 853 1161 aut,
877 1084 926 1143 si
946 1073 1133 1144 redire
1160 1085 1236 1143 ad
1257 1082 1673 1144 commilitones
1694 1086 2021 1160 voluissent,
2042 1095 2286 1148 mortem
2306 1089 2639 1168 potuissent

459 1173 619 1234 obire
659 1194 790 1234 curn
829 1176 1101 1254 reliquis:
1149 1177 1256 1236 hos
1296 1177 1491 1254 igitur,
1532 1189 1782 1247 narrant,
1822 1194 1998 1256 quum
2040 1181 2381 1239 alterutram
2420 1181 2637 1240 horum

458 1265 721 1326 licuisset
748 1267 981 1346 eligere,
1005 1268 1254 1328 noluisse
1293 1287 1597 1328 commune
1636 1270 1797 1350 sequi
1834 1269 2168 1342 consiliumg
2208 1271 2333 1344 sed,
2370 1269 2521 1331 intei-
2544 1269 2637 1332 'se

461 1355 877 1430 dissentientes,
921 1359 1222 1438 Eurytum,
1273 1360 1511 1440 cognito
1556 1359 1858 1420 Persarum
1902 1379 2011 1440 per
2056 1373 2309 1422 montem
2356 1363 2629 1434 cimini,

456 1461 616 1510 arma
641 1452 980 1529 postulasse,
1005 1451 1301 1531 captisque
1327 1452 1498 1510 armis
1515 1450 1750 1530 jussisse
1775 1453 1973 1516 ilotam
2000 1466 2067 1513 ut
2088 1473 2155 1514 se
2182 1455 2261 1514 ad
2294 1467 2630 1533 pugnantes

455 1541 716 1615 duceret,
745 1553 824 1614 et,
853 1539 1164 1622 postquam
1190 1544 1266 1603 ad
1285 1543 1413 1604 illos
1439 1544 1717 1623 pervenit,
1740 1544 1933 1604 ilotam
1956 1545 2187 1624 quidem
2208 1541 2353 1624 fuga
2371 1547 2627 1606 mosem

451 1633 706 1712 petiisse,
737 1635 924 1714 ipsum
947 1654 1085 1694 vero
1113 1635 1174 1693 in
1195 1635 1445 1694 hostium
1476 1653 1685 1714 agmen
1712 1636 2021 1695 irruentem
2063 1631 2437 1699 occubuissoz
2478 1639 2623 1697 Ari-

449 1725 774 1786 stodemum
801 1739 1016 1800 autem,
1039 1726 1403 1788 deficientem
1447 1727 1658 1804 animo,
1684 1729 2051 1788 remansisse.
2130 1731 2309 1795 Quod
2352 1732 2399 1790 si
2440 1725 2623 1812 igitar

447 1837 596 1880 unus
625 1819 1026 1880 Aristodemus
1053 1820 1349 1880 oculorum
1377 1821 1583 1879 morbo
1616 1813 1951 1892 laborasset,
1979 1835 2161 1899 eaque
2182 1819 2397 1882 caussa
2438 1823 2615 1904 Spar·-

447 1911 567 1970 tam
595 1912 876 1984 rediisset,
903 1921 1004 1972 aut
1031 1911 1078 1972 si
1103 1913 1274 1971 ambo
1311 1911 1477 1970 simul
1519 1913 1729 1972 reversi
1770 1910 1986 1990 essent,
2032 1907 2299 1992 Spartani
2340 1917 2429 2010 (ιιι
2470 1915 2615 1974 mffii

443 2003 693 2080 videtur)
719 2003 973 2064 nullam
959 2023 1018 2062 ιιι
1044 2023 1175 2062 eum
1201 2004 1341 2064 iram
1365 2014 1529 2063 erant
1551 2003 1886 2064 exercitari:
1912 2021 2066 2064 nunc
2083 2021 2247 2074 vero,
2260 2001 2439 2085 quum
2462 2007 2611 2066 aiter

441 2095 644 2174 periit,
661 2096 827 2166 alter,
856 2096 954 2174 qui
979 2096 1037 2154 in
1063 2095 1269 2156 eadem
1296 2111 1498 2154 caussa
1522 2097 1733 2166 fuerat,
1762 2095 1904 2155 mori
1941 2091 2242 2196 recusavit,
2270 2093 2605 2192 necessario

441 2188 853 2248 vehementer
837 2190 1002 2274 irasci
1031 2189 1398 2248 Aristodemo
1428 2179 1769 2250 debuerunt.

451 2307 458 2316 ·
517 2280 826 2341 2³0.A1ii
850 2281 1047 2358 igitur,
1075 2281 1188 2339 hoc
1213 2281 1388 2338 modo
1414 2281 1638 2360 hacque
1674 2278 1975 2338 occasione
2003 2279 2461 2350 Aristodemum,-
2478 2299 2603 2342 me-

435 2383 690 2442 morant,
705 2372 923 2431 salvum
971 2372 1233 2450 Spartam
1261 2372 1543 2432 evasisse.
1584 2371 1679 2432 alii
1708 2391 1845 2430 vero
1889 2371 2065 2443 aiunt,
2106 2373 2189 2432 ad‘
2212 2369 2599 2434 deferendum

432 2448 705 2521 nuncium
731 2463 1038 2540 quemdam
1079 2463 1320 2522 missum
1337 2483 1470 2522 eum
1507 2455 1683 2524 fuisse
1724 2483 1757 2522 e
1800 2463 2015 2533 castris,
2044 2475 2129 2535 et,
2161 2459 2347 2561 quum
2378 2463 2599 2562 pugnae

436 2553 644 2614 deinde
671 2554 955 2614 interesse
972 2555 1270 2633 potuisset,
1292 2556 1561 2626 noluisse,
1584 2549 1765 2614 sedin
1788 2555 1877 2614 via
1896 2567 2198 2627 moratum,
2221 2551 2595 2647 superstitem

425 2646 642 2716 fuisse,
681 2646 901 2706 socium
943 2657 1158 2718 autem,
1185 2647 1284 2726 qui
1309 2647 1477 2706 simul
1504 2641 1637 2710 cum
1664 2665 1737 2706 eo
1764 2641 1967 2706 missus
1992 2645 2202 2721 fuerat,
2227 2648 2305 2742 ad
2318 2657 2585 2772 pugnam

426 2739 685 2810 rediisse,
714 2739 773 2798 in
799 2759 982 2818 eaque
1011 2740 1367 2800 occubuisse.
1978 2765 1992 2774 ⁸

507 2835 646 2893 231.
687 2831 990 2911 Quidqnid
1015 2832 1111 2910 sit,
1139 2821 1623 2891 Lacedaemonem
1652 2848 1917 2890 reversus
1946 2829 2347 2894 Aristodemus
2376 2814 2581 2912 proisi-o

424 2931 486 2984 et
510 2921 834 3008 ignominia
847 2934 1080 2984 notatus
1119 2933 1227 2994 est,
1257 2933 1430 3002 atque
1463 2923 1545 3014 ita
1570 2921 1795 2980 infamis
1829 2922 2074 2993 habitus,
2100 2923 2166 2981 ut
2206 2931 2381 2984 nano
2408 2925 2581 3004 Spar-

417 3025 693 3076 ranorum
709 2998 905 3078 lumen
932 3016 983 3073 ei
1012 3015 1374 3088 accenderet,
1405 3031 1513 3073 nec
1542 3030 1671 3072 cum
1701 3029 1775 3072 eo·
1799 3009 2235 3092 colloqueretur-5
2274 3012 2451 3094 atque
2476 3033 2579 3096 per

416 3107 783 3187 ignominiam
803 3109 1044 3186 trepidus
1061 3103 1429 3166 Aristodemus
1449 3105 1853 3166 nominaretur.
1897 3105 2016 3165 Sed
2032 3101 2187 3166 idem
2205 3101 2331 3165 vir‘
2309 3128 2367 3166 ιιι
2384 3124 2577 3188 pugna

417 3200 495 3262 ad
515 3198 798 3264 Pla'taeeas
823 3200 1084 3306 culpata,-
1096 3217 1224 3277 quae
1245 3215 1374 3260 eum
1400 3189 1719 3276 premebat,
1747 3182 2024 3288 dissolvit.

491 3293 630 3356 282.
662 3293 993 3352 Memorant
1007 3289 1198 3361 etiam,
1219 3289 1394 3350 alium
1416 3305 1493 3348 ex
1509 3287 1801 3360 trecentis,
1814 3281 2053 3350 nomine
2074 3289 2573 3370 Ρειιιὴειιι,ᾳιιωιι

413 3382 491 3442 ad
518 3383 894 3442 deferendum
933 3383 1206 3442 nuncium
1233 3382 1291 3440 in
1319 3381 1675 3448 Thessaliam
1712 3373 1925 3441 fuisset
1944 3383 2170 3454 missus,
2207 3386 2567 3464 superstitem·

411 3474 636 3545 fuisse·
675 3476 942 3535 eumdem
973 3494 1125 3548 vero,
1153 3495 1332 3554 quum
1359 3475 1625 3554 Spartam
1652 3492 1913 3534 reversus
1938 3475 2256 3580 ignominia
2284 3489 2443 3537 esset
2468 3499 2561 3537 no-

407 3576 578 3638 tatuS,
598 3565 913 3626 voluntario
940 3563 1243 3647 suspendio
1269 3566 1445 3625 vitam
1470 3565 1700 3634 finiisse.

419 3661 624 3718 253.
667 3655 929 3716 Thebani
967 3661 1126 3731 vero,
1168 3658 1378 3736 quibus
1418 3653 1543 3717 dux
1580 3657 1835 3738 praeera't
1866 3659 2239 3728 Leontiades,
2287 3659 2556 3722 luctatus

401 3747 637 3828 quidem
665 3769 700 3808 a
741 3748 1081 3810 Graecorum
1119 3750 1373 3828 partibus
1410 3761 1627 3822 stante,-
1658 3747 2003 3810 necessitate
2042 3752 2249 3822 coacti,
2290 3753 2557 3812 adversus

401 3842 557 3920 regis
584 3841 900 3902 exercitum
939 3838 1370 3902 dimicaverant.
1450 3843 1534 3903 Ut
1576 3863 1713 3903 vero
1738 3844 2089 3924 superiorem
2130 3864 2257 3904 esse
2297 3845 2551 3904 viderunt

400 3955 523 3996 rem
552 3933 873 4005 Persarum,
897 3955 1014 4033 quo
1039 3943 1296 4012 tempore
1325 3935 1527 3994 Graeci
1550 3935 1647 4013 qui
1667 3955 1798 3995 cum
1824 3935 2089 4025 Leonida
2104 3937 2341 3996 fuerant
2367 3938 2444 3996 ad
2470 3949 2549 3995 tu·

397 4027 614 4087 mulum
664 4047 726 4086 se
775 4025 1036 4105 recipere
1077 4027 1478 4105 properabant,
1517 4027 1604 4086 his
1625 4027 1913 4116 desertis,
1952 4027 2140 4107 passis
2175 4027 2447 4088 manibus
2478 4029 2544 4088 ad

395 4119 684 4182 Barbaros
723 4129 1108 4191 accesserunt,
1161 4115 1425 4179 dicentes
1465 4120 1527 4178 id
1564 4119 1722 4198 quod
1762 4119 2108 4179 verissimum
2150 4132 2295 4192 erat,
2338 4128 2375 4156 “
2420 4141 2541 4180 cum

391 4204 598 4272 Medis
613 4232 740 4272 sese
767 4213 1010 4285 sentire,
1029 4225 1089 4272 et
1115 4212 1264 4275 inter
1291 4213 1503 4291 primos
1531 4223 1743 4272 terram
1770 4224 1831 4282 et
1856 4232 2063 4292 aquam
2086 4213 2207 4291 regi
2231 4214 2552 4284 tradidisse;

351 4331 356 4342 ·
385 4305 730 4368 necessitate
745 4317 940 4366 autem·
965 4315 1200 4364 coactos
1219 4304 1451 4364 venisse
1470 4305 1547 4364 ad
1568 4304 2009 4384 Thermopyla&
2028 4315 2093 4368 ,et
2116 4323 2155 4364 a
2179 4304 2359 4363 cladis
2378 4305 2539 4382 culpa

382 4393 505 4472 regi
532 4393 704 4453 illatae
736 4415 870 4478 ,esse
911 4396 1244 4459 immunes.”
1277 4471 1282 4476 ι
1325 4395 1445 4476 His
1466 4395 1653 4471 dictis,
1697 4395 1845 4457 saivi·
1865 4408 2200 4464 evaserant:
2246 4397 2531 4457 habebant
